3026 4812
185 171 228 236 58
579 172 615 228 M.
634 169 755 226 TULLII
773 171 962 228 CICERONIS

186 334 296 419 magni
319 334 464 418 interest,
486 333 615 416 iudices,
637 334 671 398 id
695 334 781 419 quod
804 355 864 420 ego
889 333 999 399 multis
1022 335 1280 419 repugnantibus
1306 337 1360 422 egi

186 425 284 507 atque
306 422 436 507 perfeci,
460 444 529 488 esse
551 421 705 490 Kalendis
728 423 888 488 Ianuariis
911 423 946 487 in
968 443 1002 486 re
1025 423 1155 506 publica
1178 423 1258 489 duos
1283 446 1361 490 con·

144 538 171 578 sc
185 513 280 576 sules.
325 512 425 578 nolite
454 511 617 597 arbitrari,
646 512 860 577 mediocribus
883 511 1026 578 consiliis
1058 515 1115 576 aut
1141 512 1271 578 usitatis
1294 513 1361 578 viis

186 603 243 665 aut
268 600 437 666 toleranda
465 600 598 666 audacia
621 601 684 686 agi.
728 619 796 665 non
817 601 869 665 lex
892 601 1056 684 improba,
1083 622 1150 667 non
1177 601 1358 685 perniciosa

185 688 330 775 largitio,
356 712 422 755 non
450 689 593 754 auditum
622 689 794 774 aliquando
822 689 955 773 aliquod
983 690 1104 754 malum
1132 689 1181 754 rei
1208 690 1357 774 publicae

186 783 362 862 quaeritur:
394 778 477 843 inita
504 781 580 843 sunt
612 779 647 842 in
673 778 735 843 hac
765 779 897 844 civitate
922 778 1076 862 consilia,
1104 777 1240 863 iudices,
1268 779 1357 844 urbis

185 866 348 951 delendae,
371 867 490 932 civium
506 863 779 952 trucidandorum,
797 867 939 932 nominis
953 867 1094 932 Romani
1115 867 1358 952 exstinguendi3

186 958 282 1040 atque
304 956 385 1020 baec
408 955 502 1040 cives,
525 955 624 1041 cives,
651 956 800 1041 inquam,
827 957 856 1020 si
879 977 934 1021 eos
956 956 1019 1021 hoc
1041 955 1174 1020 nominc
1196 955 1357 1040 appellari

185 1043 235 1108 fas
259 1048 317 1124 est,
334 1044 379 1116 ¹de
402 1043 508 1128 patria
531 1066 590 1109 sua
612 1048 646 1109 et
666 1045 813 1130 cogitant
836 1047 869 1109 et
891 1045 1127 1129 cogitaverunt3
1154 1044 1271 1110 horum
1295 1066 1356 1130 ego

126 1173 132 1185 ·
185 1132 303 1198 cotidie
326 1132 471 1198 consiliis
492 1154 635 1219 occurro,
658 1134 825 1198 audaciam
844 1133 986 1218 debilito,
1011 1133 1123 1198 sceleri
1142 1134 1274 1199 roaisio:
1298 1135 1356 1198 scd

184 1243 309 1302 moneo,
332 1221 464 1296 iudices:
487 1223 521 1287 in
541 1222 629 1288 exitu
651 1223 717 1287 iam
740 1228 790 1288 est
812 1244 902 1287 meus
922 1222 1124 1306 consulatum
1147 1221 1251 1287 nolite
1274 1223 1359 1287 mihi

186 1311 375 1375 subtrahere
397 1311 552 1377 vicarium
576 1332 666 1376 meae
688 1310 889 1397 diligentiae,
911 1311 1011 1376 nolite
1035 1311 1173 1375 adimere
1197 1332 1279 1394 cum,
1302 1313 1356 1378 cui

185 1400 434 1483 rempublicam
458 1400 552 1483 cupio
575 1396 701 1466 tradere
724 1401 918 1466 incolumem
943 1400 984 1464 ab
1002 1399 1054 1464 his
1073 1399 1174 1466 tantis
1198 1399 1354 1484 periculis

137 1478 426 1583 &defendendam
464 1491 560 1574 atque
583 1489 624 1554 ad
648 1489 728 1555 haec
747 1491 842 1572 mala,
864 1488 994 1572 iudices,
1017 1489 1102 1573 quod
1122 1488 1252 1554 accedat
1266 1489 1356 1554 aliud

190 1598 258 1642 non
280 1575 418 1642 videtis?
462 1581 505 1660 te,
527 1581 560 1642 te
583 1579 724 1662 appello,
747 1577 843 1643 Cato:
872 1598 980 1642 nonne
1003 1577 1162 1662 prospicis
1177 1579 1354 1662 tempesta·

182 1668 249 1730 tem
272 1665 348 1729 anni
370 1665 441 1730 tui?
485 1666 551 1731 iam
575 1666 661 1731 enim
682 1667 835 1731 hesterna
858 1667 1007 1732 contione
1030 1666 1175 1731 intonuit
1198 1687 1260 1731 vox
1282 1688 1355 1750 per-

182 1754 306 1820 niciosa
332 1753 492 1839 designati
513 1754 649 1836 tribuni,
677 1755 830 1842 conlegae
856 1756 919 1838 tui3
952 1758 1064 1820 contra
1093 1776 1188 1839 quem
1216 1756 1355 1842 multu-m

182 1846 239 1906 tua
261 1863 368 1926 mens,
394 1843 534 1909 multum
562 1865 673 1909 omnes
695 1844 773 1910 boni
800 1843 1022 1928 providerunt,
1052 1843 1164 1926 quite
1188 1842 1228 1907 ad
1251 1844 1355 1909 tribu·

182 1935 277 1996 natus
300 1932 489 2016 petitionem
510 1936 714 1998 vocaverunt.
759 1933 876 2016 omnia,
902 1953 983 2017 quae
1006 1953 1064 2014 per
1086 1931 1147 1998 hoc
1169 1932 1353 1996 triennium

183 2021 308 2105 agitata
331 2025 414 2105 sunt,
436 2022 503 2086 ianr
526 2022 567 2086 ab
591 2043 628 2087 eo
642 2025 796 2106 tempore,
820 2042 882 2106 quo
907 2043 927 2085 a
948 2019 985 2086 L.
1004 2018 1146 2086 Catilina
1169 2024 1202 2086 et
1224 2019 1281 2086 Cn.
1301 2020 1356 2086 Pi·

173 2115 262 2174 'sone
285 2110 402 2174 initum
426 2109 597 2174 consilium
620 2113 750 2175 senatus
772 2109 984 2175 interficiendi
1008 2109 1098 2175 scitis
1122 2131 1205 2193 esse,
1235 2109 1270 2173 in
1292 2109 1355 2175 hos

142 2223 169 2262 aa
184 2196 260 2280 dies,
281 2199 316 2262 in
338 2197 399 2263 hos
422 2220 557 2281 menses,
579 2199 614 2263 iu
636 2199 699 2264 hoc
721 2202 850 2282 tempus
873 2200 1054 2281 erumpunt
1100 2199 1155 2282 qui
1177 2198 1269 2264 locus
1293 2202 1355 2283 est,

182 2285 312 2371 iudices,
330 2286 416 2372 quod
434 2290 571 2372 tempus,
595 2289 649 2372 qui
667 2287 744 2372 dies,
767 2309 848 2372 quae
862 2309 936 2371 uox,
953 2308 1032 2351 oum
1051 2306 1111 2371 ego
1130 2307 1198 2352 non
1217 2308 1256 2352 ex
1275 2287 1355 2352 isto-

183 2397 255 2439 rum
276 2375 402 2440 insidiis
427 2397 464 2440 ac
487 2377 695 2442 mucronibus
718 2398 784 2442 uon
808 2376 913 2441 solum
936 2397 1023 2458 meo,
1046 2375 1102 2440 sed
1126 2376 1229 2442 multo
1255 2375 1357 2441 etiam

184 2464 288 2547 magis
317 2463 426 2531 divino
453 2464 589 2530 consilio
619 2466 737 2550 eripiar
769 2468 865 2548 atque
894 2464 1039 2530 evolem?
1084 2485 1187 2549 neque
1214 2465 1271 2529 isti
1305 2487 1358 2532 mc

183 2573 255 2618 meo
277 2552 407 2618 nomine
429 2553 618 2638 interficere,
641 2553 696 2618 sed
719 2553 911 2640 vigilantem
929 2553 1095 2618 consulem
1121 2552 1160 2618 de
1183 2553 1230 2617 rei
1249 2553 1358 2636 publi-

184 2662 239 2706 cae
266 2641 427 2726 praesidio
456 2641 624 2706 demovere
652 2642 781 2726 volunt,
812 2664 872 2720 nec
899 2642 1005 2707 minus
1034 2641 1167 2725 vellent,
1195 2638 1293 2724 Oato,
1322 2645 1357 2707 te

184 2751 308 2816 quoque
332 2729 439 2816 aliqua
461 2730 597 2810 ratione,
621 2732 649 2798 si
667 2734 809 2818 possent,
831 2731 953 2816 tollere,
977 2729 1011 2794 id
1034 2728 1128 2813 quod,
1153 2729 1359 2815 mihicrede,

220 2927 263 2978 80.
294 2922 488 2991 mediocribus,
523 2922 744 2992 ‘unbedeutend
833 2920 989 2990 XXXVIII,
1013 2926 1057 2977 81.
1085 2923 1156 2977 unni
1178 2922 1235 2988 tui,
1263 2921 1359 2977 deines

184 2993 395 3062 schwtohlich’‚
410 2993 500 3048 ottist
509 3010 539 3048 es
549 3010 633 3048 unser
643 2993 743 3048 ‘halbt
798 2991 1052 3062 Tribunatsjahres.
1062 3023 1097 3034 -
1111 2994 1296 3049 intonuitmit
1305 2994 1358 3048 Be·

184 3095 218 3106 -
245 3067 358 3120 usitatis
383 3065 451 3132 ciis,
478 3065 508 3119 iu
530 3066 608 3120 Verr.
629 3071 694 3134 3‚9
719 3065 743 3119 si
798 3063 917 3132 riehung
932 3063 1048 3118 auidas
1061 3065 1275 3134 vorongeheude
1288 3065 1360 3118 tem-

183 3137 307 3192 humano
325 3136 417 3205 modo,
436 3137 461 3191 si
480 3137 586 3191 usitato
599 3152 676 3190 more
692 3177 699 3191 .
715 3178 721 3191 .
737 3177 743 3190 .
797 3135 951 3204 pestutum
971 3135 1045 3190 noch
1063 3135 1160 3190 weiter
1173 3136 1242 3204 geht
1257 3134 1317 3189 Lis.
1332 3141 1375 3204 3,.

204 3210 336 3266 eccassct.
363 3237 397 3248 -
425 3223 483 3262 esca
510 3208 650 3274 meditem,
679 3208 743 3261 dem
798 3211 878 3273 48,4
901 3221 965 3260 cum
985 3206 1054 3260 haec
1072 3205 1241 3260 intonuisset
1259 3205 1359 3274 plenus

184 3224 269 3332 diune
287 3277 360 3332 nach
378 3303 413 3324 ==
430 3295 535 3334 novum
557 3279 587 3332 et
605 3279 671 3342 ante
690 3279 744 3332 hoc
797 3277 865 3333 irae.
884 3308 918 3320 -
937 3277 1039 3348 derigo.
1058 3277 1131 3340 triu,
1150 3276 1198 3330 des
1213 3275 1243 3342 Q.
1259 3275 1358 3332 Metel-

184 3350 294 3417 tcmpus
312 3348 480 3415 inauditum,
497 3349 551 3404 wie
567 3346 622 3404 Cio.
642 3365 679 3404 an
692 3365 741 3403 an·
795 3349 838 3404 lus
852 3349 954 3417 Nepos,
974 3349 1073 3403 dassen
1087 3346 1281 3416 geithrlichen
1294 3346 1357 3404 Ple-

185 3420 270 3474 dcren
294 3418 400 3474 Stellen
427 3420 488 3474 sich
511 3419 677 3486 ausdruckt3
706 3419 741 3478 cf.
795 3436 850 3474 nen
868 3420 939 3475 eben
955 3417 1024 3473 Cato
1043 3419 1182 3488 entgegan
1200 3437 1234 3474 nu
1247 3419 1354 3474 witker

184 3489 248 3545 Tac.
267 3491 359 3546 annal.
378 3496 404 3559 4,
423 3496 466 3557 34,
487 3497 501 3545 1
525 3507 598 3546 novo
621 3494 742 3558 actunc
796 3491 944 3570 gedachte,
966 3519 1003 3530 -
1025 3490 1061 3544 ab
1079 3505 1108 3544 co
1126 3494 1255 3572 inrepere,
1273 3489 1353 3545 Ende

184 3560 305 3632 primum
321 3561 417 3616 audito
432 3561 554 3616 crimine.
570 3592 605 3604 -
619 3563 741 3632 alterari,
797 3567 839 3628 66,
859 3576 902 3614 wo
922 3560 982 3614 sich
1002 3558 1124 3615 Catilina
1141 3564 1195 3617 nnt
1207 3561 1238 3617 P.
1253 3562 1353 3615 Autro-

183 3649 235 3702 prc
250 3631 320 3689 Sest.
337 3639 371 3688 14
385 3633 409 3688 si
427 3633 476 3701 qui
493 3633 619 3688 fecerunt
633 3631 742 3702 aIIquid
795 3631 858 3688 nius
872 3631 959 3686 Plutus
973 3631 1031 3684 und
1047 3631 1095 3687 (ln.
1111 3630 1161 3690 (lal
1180 3630 1277 3686 urnius
1287 3631 1352 3686 Piso

184 3702 342 3772 aliquando.
380 3729 414 3746 a·
450 3705 515 3760 baec
546 3705 742 3774 copituceraat,
765 3727 768 3769 1
796 3701 958 3758 verbunden
980 3702 1073 3778 hatte,
1097 3701 1142 3758 die
1160 3649 1286 3757 Ionsuln
1303 3702 1353 3756 des

185 3777 261 3829 sonet
280 3775 404 3844 cogitare
423 3773 532 3845 aliquid
551 3776 619 3830 oder
636 3775 672 3829 de
690 3775 741 3829 ali·
795 3774 893 3829 Jahres
912 3778 946 3828 65
960 3773 991 3829 L.
1008 3773 1136 3828 Aurelius
1151 3773 1235 3828 Cotta
1251 3772 1309 3827 und
1322 3771 1352 3828 L.

184 3861 241 3914 qua
258 3862 302 3914 re,
327 3845 388 3901 hier
405 3845 502 3902 beides
519 3845 670 3917 vereinigt‚
689 3845 742 3900 wie
795 3844 917 3899 Manlius
924 3842 1081 3914 Torquatus
1090 3861 1125 3900 au
1133 3842 1279 3899 ermorden
1286 3843 1353 3913 (An-

184 3915 257 3971 auch
284 3917 423 3972 recordari
448 3917 555 3986 aliquid
579 3917 614 3972 de
638 3916 742 3986 aliquo.
796 3915 892 3986 hang).

185 4017 219 4028 —
237 3988 398 4043 machmam
416 3988 468 4042 mit
485 3987 690 4044 defendendam
708 4005 743 4042 zu

184 4057 345 4127 verbinden‚
360 4059 447 4129 vergl.
457 4076 509 4128 pro
518 4059 620 4114 Flacco
634 4065 668 4114 98
679 4076 743 4114 eon·
832 4061 875 4114 82.
894 4059 927 4113 de
945 4089 978 4098 -
997 4060 1139 4126 mouere,
1158 4055 1211 4112 wie
1230 4062 1246 4124 ς
1266 4064 1298 4114 79
1319 4056 1354 4112 de

184 4129 229 4184 sul
251 4145 305 4200 ego
321 4145 411 4200 nuper
434 4129 545 4184 defendi
563 4128 593 4185 0.
611 4128 743 4185 Pisonem
797 4127 874 4184 urbis
891 4128 1031 4199 praesidio
1050 4131 1080 4184 at
1097 4130 1132 4184 dc
1147 4127 1274 4184 custodia
1287 4128 1353 4185 civi·

159 4206 161 4212 '
184 4200 231 4324 poi
256 4201 323 4270 quia
341 4199 436 4256 consul
455 4199 536 4256 fortis
555 4202 742 4270 constansque
796 4199 864 4262 tatis
878 4200 979 4256 vestris
994 4199 1140 4256 sententiis
1153 4201 1303 4256 deturbari.
1318 4231 1354 4242 -

198 4289 215 4325 u

216 4273 290 4340 erat,
320 4270 468 4328 incolumis
500 4273 544 4327 est
572 4270 743 4341 reipublicae
796 4287 853 4326 mec
871 4273 992 4339 nominc,
1009 4270 1089 4326 nicht
1107 4271 1156 4327 der
1173 4265 1277 4328 Person
1315 4270 1354 4326 el·

185 4344 370 4400 conservatus.
796 4344 845 4398 ten
859 4341 905 4400 die
920 4341 1052 4414 Angriffe,
1069 4343 1188 4398 eundern
1202 4344 1266 4399 dem
1306 4359 1354 4396 cn·
