3026 4812
351 263 354 268 ,
408 202 480 258 PRO
499 201 530 256 L.
548 201 704 258 MURENA
723 199 859 258 ORATIO
878 206 1001 261 tlt-³8.
1247 201 1289 268 31

119 367 234 452 altera,
256 365 341 453 quod
360 365 398 449 ei,
417 386 498 450 quos
516 365 552 430 in
569 363 738 448 provincis
757 385 795 430 ac
813 365 978 450 legatione
997 386 1108 430 omnes
1126 367 1159 431 et
1177 365 1292 431 libera-

119 455 223 522 litatis
251 458 293 523 et¹
311 454 440 519 virtutis
471 475 550 518 suae
575 456 675 519 testes
703 453 875 538 habuerat,
906 454 1050 520 nondum
1079 455 1292 522 decesserant.

121 545 236 610 horum
256 548 426 628 utrumque
441 543 470 608 ei
484 542 616 609 fortuna
634 541 675 606 ad
694 543 880 608 consulatus
894 541 1086 627 petitionem
1101 543 1291 629 reservavit3

119 655 197 700 nam
226 635 258 697 et
285 631 321 698 L.
344 630 473 698 Luculli
500 632 670 716 exercitus,
690 632 760 715 ¹qui·
788 631 829 696 sd
856 631 1057 715 triumphum
1088 635 1291 717 convenerat,

119 719 206 788 idem
228 721 370 786 comitiis
387 719 423 786 L.
437 719 590 786 Murenae
613 724 743 804 praesto
761 719 833 805 fuit,
856 724 889 784 et
906 742 1029 796 munus
1044 721 1292 806 amplissimum,

119 810 206 895 quod
237 809 354 894 petitio
387 813 557 894 praeturae
590 808 801 893 desiderarat,
830 813 984 894 praetura
1010 810 1163 876 restituit.
1213 832 1291 876 num
1305 827 1331 867 ³⁸

118 900 182 964 tibi
209 897 290 964 haee
319 921 421 982 parva
447 898 598 963 videntur
624 897 809 968 adiumenta
840 901 886 976 et
905 898 1049 964 subsidia
1081 899 1291 965 consulatus?

119 989 270 1053 voluntas
299 986 462 1054 militum?
508 1009 589 1072 quae
617 1009 690 1053 eum
713 1009 771 1072 per
799 1008 833 1052 se
861 988 948 1052 valet
973 987 1196 1072 multitudine,
1219 1009 1291 1054 cum
1361 1034 1365 1042 «

19 1097 20 1100 ’
120 1077 206 1160 apud
238 1097 313 1141 suos
344 1077 464 1162 gratia,
495 1079 565 1142 tum
592 1098 670 1141 vero
701 1077 737 1140 in
763 1075 894 1142 consule
927 1076 1119 1149 declarando
1152 1077 1292 1143 multum

120 1166 219 1231 etiam
248 1165 331 1250 apud
358 1165 543 1231 universum
569 1165 726 1250 populum
749 1165 933 1230 Romanum
961 1166 1164 1231 aucterltatis
1192 1166 1292 1232 habet

120 1254 311 1338 suffragatio
339 1253 505 1338 militaris3
532 1255 745 1338 imperatores
774 1254 859 1320 enim
888 1254 1027 1320 comitiis
1057 1254 1291 1340 consularibus,

118 1365 186 1408 non
215 1344 386 1408 verborum
418 1344 613 1428 interpretes
641 1342 835 1428 deliguntur.
884 1363 984 1426 quare
1015 1344 1124 1428 gravis
1146 1347 1202 1408 ⁴est
1234 1344 1292 1409 illa

119 1433 239 1498 cretio:
268 1431 332 1497 ‘mo
351 1433 504 1516 ,saucium
532 1432 702 1516 recreavit3
732 1453 783 1497 me
806 1431 927 1516 praeda
949 1431 1095 1516 donavit3
1123 1432 1185 1497 hoc
1212 1431 1292 1497 duce

118 1524 227 1586 castra
250 1521 407 1605 cepimus,
436 1521 531 1605 signa
558 1521 768 1605 contulimus;
797 1543 975 1605 numquam
1002 1521 1065 1586 iste
1092 1521 1167 1606 plus
1195 1521 1293 1586 militi

117 1609 242 1674 laboris
261 1609 417 1693 imposuit
436 1631 535 1693 quam
556 1609 618 1674 sibi
637 1611 787 1693 sumpsit3
811 1608 875 1674 ist‘e
892 1631 965 1674 cum
983 1609 1080 1675 fortis
1103 1614 1173 1675 tum
1193 1611 1291 1675 etiem

106 1697 216 1784 felin'
262 1699 324 1763 hoc
347 1693 462 1782 quanti
488 1702 585 1782 putas
609 1719 678 1764 esse
706 1698 747 1764 ad
773 1699 896 1778 famam
919 1699 1088 1764 hominum
1118 1721 1155 1764 ac
1177 1700 1291 1765 volun·

117 1787 241 1852 tatem?
286 1789 406 1852 etenim
439 1788 466 1852 si
494 1790 588 1890 tanta
617 1787 683 1853 illis
711 1787 852 1890 comitiis
883 1788 999 1890 religio
1028 1791 1091 1873 est,
1123 1792 1174 1890 ut·
1188 1788 1291 1854 adhue

117 1876 917 2050 tete.⁰tltllU.⁶.¹3ltitllttttl..ttd
931 1880 1146 2030 „timet
1165 1876 1290 2030 told
1303 1966 1342 2023 a

119 2053 219 2136 ducis,
242 2075 323 2137 quae
349 2058 425 2118 sunt
448 2055 654 2138 gravissima,
681 2057 714 2118 et
735 2054 821 2120 hene
842 2054 1001 2119 urbanam
1025 2054 1292 2139 suffragationem

118 2141 252 2206 militari
276 2143 461 2227 anteponis,
490 2143 559 2208 noli
582 2142 733 2228 ludorum
754 2143 852 2208 huius
876 2143 1074 2228 elegantiam
1102 2147 1135 2207 et
1157 2164 1293 2219 senense

119 2313 312 2372 erwertenden
330 2315 423 2384 Spiele
441 2334 476 2372 zu
494 2319 622 2374 nehmen.
642 2349 675 2359 -
732 2317 782 2378 auf
799 2317 849 2372 das
868 2317 943 2372 Volk
961 2317 991 2371 in
1009 2316 1099 2372 seiner
1117 2316 1294 2373 Gesamthsit

118 2385 335 2466 tapronoeley.
347 2387 570 2456 =inlcgatione
581 2389 676 2458 quain
730 2389 855 2458 gedbten
866 2387 993 2444 Einflufs.
1009 2419 1047 2446 ,-
1066 2405 1170 2444 cam—
1181 2405 1242 2444 crem
1258 2419 1291 2428 —

116 2455 389 2524 prevmcratunetus
404 2459 471 2512 eret.
485 2461 676 2515 -literalita-
729 2465 803 2527 lam,
833 2461 907 2515 auch
934 2459 979 2515 die
1007 2459 1193 2528 umgekehrte
1221 2459 1292 2515 Kor-

117 2528 162 2595 tia,
182 2526 235 2580 mit
248 2526 368 2580 Absicht
381 2527 611 2598 hervorgehoben
629 2547 676 2600 ge·
708 2531 894 2601 oresponsicn
912 2547 973 2586 cam
988 2561 1021 2570 -
1036 2536 1094 2587 tem
1113 2563 1145 2570 -
1164 2535 1224 2586 teon
1241 2531 1292 2586 fin-

117 2597 242 2667 gendber
269 2597 325 2652 den
351 2614 407 2654 von
433 2600 489 2654 den
516 2600 677 2670 damaligen
730 2604 779 2658 det
788 2602 848 2657 sich
861 2603 908 2659 bei
917 2602 973 2657 (lie.
994 2634 1026 2642 -
1045 2603 1211 2674 suffragatio
1224 2604 1292 2672 mit,

117 2668 678 2798 stt{itffltssefiztttmtt
729 2673 1149 2801 nicaenenses
1168 2674 1293 2800 etti

116 2826 216 2880 wegen
230 2811 280 2865 der
294 2783 492 2883 Veratgerun'g
507 2813 555 2867 des
569 2813 678 2868 Trium·
732 2813 783 2869 auf
800 2816 856 2870 und
870 2763 951 2873 stellt
962 2816 1093 2886 zugleich
1107 2765 1190 2872 sinin
1204 2816 1290 2872 leich-

117 2881 195 2952 phes‚
215 2881 264 2935 der
277 2887 311 2936 63
331 2882 478 2954 stattfand,
496 2883 599 2940 bereits
618 2888 678 2940 ent·
731 2887 811 2940 teren
819 2875 971 2958 ilbergang
984 2905 1048 2942 aum
1060 2888 1214 2958 folgenden
1230 2887 1292 2942 ‘im-

114 2953 328 3008 lassenwar.—
338 2971 403 3009 acm
412 2961 446 3023 ct,
456 2955 486 3010 in
496 2956 679 3011 chiastiseher
731 2958 884 3025 peratores’
902 2960 954 3014 ete.
963 2959 1022 3012 her.
1035 2988 1068 2998 -
1082 2960 1154 3013 cert.
1167 2959 1292 3025 interpr„

119 3023 254 3093 Ordnung
269 3025 380 3080 werden
394 3024 440 3080 die
453 3025 555 3082 beiden
566 3029 615 3082 der
625 3026 678 3082 Be·
732 3033 800 3094 ξπ.
810 3058 845 3069 -
854 3029 937 3095 fortis
945 3059 980 3068 -
994 3029 1072 3097 felte,
1084 3026 1206 3083 beliebte
1218 3028 1292 3083 allit-

117 3095 251 3164 werbnng
273 3114 322 3150 um
344 3095 395 3152 das
413 3096 551 3154 Konsulat
572 3099 678 3155 forder—
732 3099 887 3155 terierende
905 3097 1098 3168 Verbindung,
1116 3099 1174 3168 agl.
1190 3099 1250 3154 Liv.
1265 3102 1290 3167 t,

117 3164 211 3222 lichen
220 3166 542 3238 Felrtorenausgefuhrt.
551 3201 586 3211 -
596 3172 674 3226 coeni·
731 3175 802 3238 43,8
817 3170 915 3226 fortius
926 3185 1009 3239 quam
1018 3168 1129 3225 felicius
1139 3169 1290 3240 (Anhang).

117 3238 179 3302 tiis,
202 3236 318 3293 Ablativ
340 3239 393 3294 wie
412 3239 623 3309 gladiatoribus.
643 3271 677 3282 -
733 3242 926 3308 -adfamsm
934 3239 1133 3308 desinenda
1142 3241 1296 3312 Bezugaul

121 3308 258 3362 Murenae
275 3308 366 3366 Dativ.
393 3341 426 3352 -
455 3311 625 3366 desiderarat
643 3338 678 3358 =
732 3313 786 3368 den
800 3313 858 3367 Ruf
874 3313 921 3368 bei
940 3313 993 3368 den
1007 3312 1140 3381 Leuten';
1158 3313 1215 3384 agl.
1231 3318 1291 3378 §29

24 3417 26 3422 -
119 3379 195 3448 quod
209 3377 238 3431 in
247 3382 368 3448 petenda
376 3386 510 3450 praetura
519 3383 679 3438 desiderata
732 3383 768 3438 ad
787 3384 929 3438 honorem.
947 3415 983 3426 ·-
997 3385 1221 3455 praerogativae,
1246 3384 1292 3438 die

119 3450 189 3506 erat.
208 3479 243 3488 -
257 3457 346 3518 praet.
364 3459 435 3522 rest,
454 3453 493 3508 da
506 3453 624 3508 Murena
637 3453 678 3508 als
733 3453 871 3522 centurie,
889 3455 996 3510 welche
1010 3459 1164 3511 amersten
1179 3455 1293 3510 Stimm-

21 3567 23 3572 ,
117 3521 417 3592 praetorurbenusdie
431 3525 492 3579 ludi
500 3524 677 3595 Apollinares
731 3524 842 3595 abgabe
873 3526 1017 3596 ausgeloet
1048 3527 1101 3581 den
1133 3523 1292 3596 Aussehlag

119 3612 154 3648 zu
171 3592 259 3648 leiten
277 3593 366 3660 hatte,
388 3610 409 3650 s.
427 3596 500 3650 Einl.
734 3597 779 3650 ffir
788 3598 838 3652 das
847 3597 977 3653 Resultat
986 3598 1051 3667 gab.
1062 3597 1174 3666 -quid
1182 3597 1292 3662 miram,
1314 3625 1316 3632 ·

155 3669 197 3720 38.
230 3664 358 3719 voluntas
388 3667 444 3722 mil.
494 3667 551 3722 Das
583 3667 680 3724 diesen
734 3673 799 3733 §24
817 3686 873 3724 non
891 3669 1000 3725 mirum.
1020 3699 1054 3708 -
1072 3668 1176 3734 famam
1194 3683 1291 3722 sermo·

118 3735 239 3789 Worten
269 3735 487 3805 entspreehende
516 3737 599 3794 Glied
629 3739 679 3794 der
733 3756 851 3809 nemque,
869 3756 921 3809 pro
941 3739 1020 3794 sulla
1034 3743 1069 3792 24
1087 3735 1232 3792 hominum
1250 3739 1291 3794 fa·

20 3823 22 3826 ·
118 3807 196 3861 Rede
214 3805 355 3876 (ludorum
376 3807 526 3878 elegantia)
553 3809 681 3866 eehlielet
733 3827 796 3866 mae
814 3827 847 3866 ac
866 3809 1047 3866 sermonibus.

120 3877 181 3932 sich
208 3878 317 3934 sustatt
338 3878 369 3934 in
396 3879 445 3934 der
467 3879 612 3950 Fragform
639 3881 679 3937 im
768 3881 841 3936 XIX.
861 3883 907 3936 aed
926 3909 959 3920 —
977 3880 1155 3948 machelmo,
1172 3879 1245 3936 Phil.
1267 3887 1291 3950 1,

118 3948 231 4030 Anteng
258 3950 308 4004 dee
336 3950 528 4005 nennzehnten
551 3951 679 4021 Kapitela
734 3956 768 4006 38
788 3953 831 4006 sin
848 3952 918 4007 haec
935 3951 1044 4034 leviora
1056 3950 1138 4006 vobis
1152 3951 1290 4033 videntur,

119 4020 678 4175 tt⁰3⁶;.2t.t⁰:‘⁰el.⁹¹¹t2”e.ee
731 4024 1291 4150 essentessent&

118 4162 164 4246 idr
178 4161 223 4216 die
233 4161 432 4233 Abstrmmung
441 4165 576 4218 zundchst
589 4165 678 4247 durch
732 4169 747 4230 δ
762 4170 797 4219 40
815 4165 957 4220 erwthnte
972 4163 1108 4247 Antonius
1123 4164 1290 4247 ste-tlteMu-

117 4234 180 4288 1hre
194 4232 284 4288 blolse
295 4235 502 4308 Anzshl„dann
516 4235 602 4291 durch
617 4237 677 4290 ihre
731 4251 799 4290 rena
813 4236 876 4290 dem
889 4235 965 4291 Vollr
984 4236 1029 4291 ein
1042 4236 1120 4292 reich
1133 4238 1186 4289 mit
1200 4235 1291 4290 Silber

117 4303 315 4375 Angehtrigen
338 4312 502 4375 vermtgem
530 4308 607 4362 steht
629 4323 676 4378 ge·
731 4307 880 4362 verziertes
899 4305 1001 4362 (tertiat
1024 4307 1082 4376 (ein
1100 4322 1205 4376 pegma
1222 4305 1291 4362 oder

115 4376 243 4448 ¹gendber
265 4377 328 4432 dem
352 4377 398 4434 bei
423 4378 474 4432 der
494 4376 678 4436 Kcnsulwahl
732 4377 794 4436 eine
812 4377 965 4448 Moechiae,
984 4379 1030 4434 die
1050 4378 1110 4433 sich
1128 4395 1184 4433 von
1203 4377 1291 4433 selbst
