3026 4812
233 226 277 292 28
623 229 661 285 M.
680 228 804 284 TULLII
822 227 1014 285 CICERONIS

234 389 343 456 datem
366 394 622 478 persequeretur,
646 392 727 456 alter
750 391 940 475 Bithyniam
963 393 1118 474 tueretur,
1141 388 1275 456 alterius
1298 412 1349 456 res
1375 394 1413 456 et

234 481 322 544 terra
345 482 377 543 et
399 481 483 545 mari
506 481 712 546 calamitosae
736 481 942 546 vehementer
967 483 1000 546 et
1023 501 1101 564 opes
1124 480 1210 564 regis
1233 482 1266 544 et
1287 500 1413 546 nomen

235 571 410 649 auxenmt3
442 567 477 632 L.
504 568 633 635 Luculli
662 590 738 634 vero
770 591 822 636 res
854 573 964 636 tantae
997 569 1206 653 exstiterunt,
1237 572 1276 633 ut
1303 590 1413 653 neque

238 657 343 722 maius
372 657 496 722 bellum
519 659 765 724 commemorari
795 659 899 744 possit
927 679 1031 743 neque
1062 659 1185 722 maiore
1213 658 1349 723 consilio
1379 661 1418 724 et

240 747 359 810 virtute
379 750 521 831 gestum:
541 769 618 812 nem
641 769 714 812 cum
737 749 841 812 totius
858 751 1000 832 impetus
1018 747 1097 812 belli
1119 747 1160 812 ad
1179 743 1418 829 Cyzicenorum

239 835 368 900 moenia
381 836 583 900 constitisset
596 856 730 919 eamque
744 838 857 902 urbem
872 836 936 902 sibi
949 835 1155 902 Mithridates
1170 834 1267 900 Atiae
1281 836 1418 900 ianuam

239 923 310 988 fore
337 927 498 1009 putasset,
528 946 592 1008 qua
620 925 752 990 effracta
780 930 813 990 et
835 925 963 990 revolsa
988 927 1061 990 tota
1087 927 1214 1008 pateret
1235 924 1419 1007 provincia,

240 1011 386 1096 perfecta
414 1034 433 1077 a
456 1010 592 1079 Lucullo
618 1013 700 1079 haec
727 1018 804 1078 sunt
831 1015 952 1098 omnia,
981 1017 1018 1078 ut
1046 1013 1123 1078 urbs
1150 1012 1418 1078 fidelissimorum

243 1100 404 1168 sociorum
434 1101 657 1168 defenderetur
684 1106 718 1166 et
741 1125 853 1169 omnes
877 1105 989 1188 copiae
1011 1101 1097 1188 regis
1121 1102 1335 1167 diuturnitate
1358 1102 1419 1167 ob-

243 1189 396 1254 sessionis
426 1195 701 1257 consumerentur.
751 1191 852 1276 quid‘?
895 1193 987 1258 illam
1019 1212 1164 1277 pugnam
1192 1191 1342 1256 navalem
1373 1191 1418 1256 ad

241 1277 422 1361 Tenedum,
455 1301 528 1344 cum
561 1284 712 1346 contento
745 1302 857 1365 cursu,
889 1281 1053 1346 acerrimis
1085 1280 1235 1364 ducibus,
1269 1279 1418 1345 hostium

145 1403 147 1410 ·
241 1367 353 1431 classis
372 1367 503 1433 Italiam
523 1390 580 1452 spe
599 1373 695 1454 atque
715 1370 832 1435 animis
851 1369 965 1436 inflata
983 1373 1116 1454 peteret,
1138 1369 1292 1434 mediocri
1310 1371 1415 1434 certa·

239 1456 327 1521 mine
351 1459 383 1520 et
405 1479 507 1541 parra
525 1457 733 1524 dimicatione
755 1460 962 1524 commissam
986 1457 1177 1524 arbitraris?
1201 1457 1298 1524 mitto
1321 1479 1416 1542 proe-

235 1545 293 1629 lia3
312 1549 480 1628 praetereo
495 1548 755 1632 oppugnationes
772 1548 978 1632 oppidorum:
997 1547 1150 1632 expulsus
1165 1566 1267 1631 regno
1280 1547 1415 1612 tandem

237 1633 412 1718 aliquando
440 1637 568 1700 tantum
593 1641 704 1702 tamen
732 1637 867 1702 consilio
894 1641 992 1722 atque
1015 1635 1210 1703 auctoritate
1232 1635 1348 1719 valuit,
1376 1639 1416 1700 ut

239 1744 273 1787 se
292 1741 369 1807 rege
387 1723 615 1790 Armeniorum
635 1725 785 1790 adiuncto
804 1726 897 1790 novis
917 1724 1035 1809 opibus
1054 1723 1219 1809 copiisque
1237 1724 1414 1790 renovarit.

184 1817 222 1871 16
240 1832 278 1876 ac
297 1811 325 1875 si
347 1810 428 1876 mihi
451 1834 538 1879 nunc
560 1814 599 1878 de
621 1815 718 1879 rebus
738 1814 840 1899 gestis
863 1817 950 1879 esset
971 1814 1077 1880 nostri
1095 1813 1253 1878 exercitus
1276 1812 1414 1897 impera-

238 1900 383 1984 torisque
407 1900 591 1980 dicendum,
617 1903 759 1986 plurima
787 1907 820 1968 et
846 1903 989 1968 maxime
1012 1901 1137 1986 proelia
1159 1922 1413 1968 commemorare

198 2011 384 2075 sipossem3
415 1991 470 2056 sed
493 2012 561 2056 non
583 1991 615 2057 id
640 1991 781 2076 agimus3
811 1992 874 2058 hoc
897 1992 982 2057 dico:
1011 1992 1039 2056 si
1061 1991 1185 2056 bellum
1206 1990 1282 2076 hoc,
1310 1991 1338 2056 si
1360 1991 1415 2056 hio

239 2078 357 2162 hostis,
385 2074 413 2142 si
435 2078 491 2144 ille
514 2101 570 2145 rex
592 2081 846 2146 contemnendus
869 2081 999 2164 fuisset,
1021 2101 1124 2163 neque
1147 2082 1242 2144 tanta
1264 2101 1414 2152 corase-

238 2170 335 2232 natus
365 2170 398 2230 et
424 2168 565 2251 populus
593 2169 760 2234 Romanus
788 2169 1026 2254 suscipiendum
1056 2171 1204 2252 putasset
1234 2189 1338 2252 neque
1364 2171 1416 2234 tot

240 2277 343 2320 annos
368 2256 524 2340 gessisset
553 2258 684 2342 [neque]
712 2261 806 2323 tanta
833 2259 938 2344 gloria
960 2256 998 2324 L.
1018 2256 1184 2343 Lucullus3
1211 2278 1315 2342 neque
1337 2279 1414 2322 vero

240 2343 308 2408 eius
339 2344 417 2409 belli
449 2345 643 2411 conficiendi·
671 2348 839 2432 negotium
868 2349 963 2412 tanto
992 2346 1099 2412 studio
1128 2345 1267 2429 populus
1295 2345 1415 2412 Roma·

239 2554 372 2610 Lucullus
389 2556 448 2610 und
461 2554 499 2611 M.
513 2554 644 2611 Aurelius
658 2557 743 2611 Cotta
760 2557 801 2612 im
854 2556 907 2612 mit
929 2557 1090 2628 folgendem
1108 2556 1187 2611 Infin.
1211 2575 1234 2610 a.
1253 2554 1285 2610 B.
1305 2553 1413 2620 Quinct

239 2627 309 2681 Jehr
333 2631 375 2681 74.
395 2656 430 2667 -
448 2628 518 2682 atter
536 2628 605 2683 Bith
671 2634 800 2695 tomam,
854 2623 1415 2695 §esmiminudhicere-rcaacrqae

240 2697 331 2754 Cotta.
343 2727 376 2737 —
390 2698 607 2768 alteriucgehtc
627 2697 804 2754 iastischauf
855 2705 937 2767 auct„
956 2716 1006 2770 pro
1026 2699 1096 2754 Sest.
1115 2704 1149 2754 8'1
1168 2699 1274 2768 agebat
1291 2698 1413 2754 auctori·

241 2769 296 2823 den
314 2768 417 2823 auletzt
435 2772 604 2838 genannten.
627 2799 663 2810 -
685 2772 801 2839 impetur
854 2773 923 2840 tate,
938 2771 1042 2842 agebat
1056 2769 1188 2837 consilio;
1203 2770 1238 2824 de
1249 2769 1295 2824 off.
1306 2776 1415 2836 mne-

240 2840 313 2906 belle',
327 2839 362 2894 de
376 2837 443 2908 imp.
454 2845 489 2894 34
502 2840 576 2895 tanti
589 2839 659 2896 belli
671 2840 802 2911 impetus.
856 2859 910 2911 qne
921 2841 995 2897 esset
1004 2855 1123 2910 nequam
1132 2840 1251 2898 oonsilio
1261 2843 1310 2895 aut
1319 2841 1415 2896 aucto-

241 2942 276 2953 -
308 2909 477 2966 committeret.
508 2910 559 2966 Als
578 2912 628 2967 der
645 2912 802 2983 Ungestfim
855 2912 935 2968 ritati
957 2913 1043 2968 locus.
1072 2943 1105 2952 -
1133 2929 1194 2982 rape
1214 2913 1417 2978 Armeniorum,

241 2983 290 3038 dec
307 2980 438 3052 Krieges,
461 2982 515 3038 mit
537 2984 603 3038 dem
621 2983 800 3039 Mithridates
855 2984 915 3038 sein
936 2982 1174 3053 ,Schwicgersohn
1202 2983 1347 3053 Tigranes.
1380 3011 1415 3022 -

278 3072 312 3108 na
330 3053 482 3124 Bithynico
501 3055 614 3110 erobert
630 3055 724 3124 hatte,
750 3072 801 3112 ror
854 3071 883 3111 ce
895 3083 930 3096 -
944 3055 1097 3122 renovarit,
1117 3055 1233 3110 ‘wieder
1250 3053 1418 3124 gekraftigt

240 3071 371 3194 gaicus,
403 3125 453 3185 das
481 3126 541 3180 sich
569 3125 628 3179 ihm
657 3126 712 3182 wie
739 3127 802 3182 eine
855 3126 998 3181 versttrkt
1014 3124 1088 3193 hat’,
1106 3125 1162 3195 agl.
1178 3125 1254 3191 Quir.
1269 3130 1302 3179 29
1322 3123 1417 3180 animo

240 3195 339 3250 Macer
348 3195 591 3266 entgegenstellte,
606 3215 654 3252 nur
664 3197 745 3252 Ruhe
754 3215 803 3266 ge·
857 3197 1020 3252 confirmato
1030 3197 1116 3265 atque
1125 3195 1268 3262 renovato,
1283 3195 1353 3250 Soet.
1365 3201 1416 3249 14⁷

241 3268 374 3321 kommen
388 3280 452 3320 war.
472 3268 645 3335 -·perfcota
658 3268 802 3323 tacerent
856 3284 908 3323 roc
935 3284 980 3322 me
1008 3268 1121 3323 reficere
1149 3270 1178 3321 et
1201 3281 1417 3326 renovatorem

241 3337 344 3402 omnio,
359 3337 470 3392 beaieht
483 3338 543 3393 sich
557 3339 607 3391 auf
615 3338 661 3394 die
670 3339 803 3409 folgende
856 3338 997 3409 publicam
1013 3338 1143 3410 potestis.
1170 3336 1227 3394 Der
1239 3337 1269 3392 in
1287 3339 1367 3414 mois
1381 3367 1413 3376 -

241 3406 421 3477 Auladhlung
439 3408 488 3463 der
507 3409 617 3464 Thaten
636 3410 684 3464 des
702 3409 801 3464 Lucul·
856 3411 997 3466 renovarit
1019 3409 1148 3480 liegende
1170 3408 1352 3464 Pleonasmur
1380 3407 1418 3462 ist

242 3481 294 3546 lus,
314 3479 372 3549 vgl.
393 3477 459 3547 imp.
479 3478 577 3549 Pomp.
597 3486 612 3546 ς
631 3487 674 3548 21,
693 3497 738 3536 wo
757 3480 803 3536 die
857 3481 897 3535 im
922 3480 1031 3537 Latein.
1060 3480 1140 3535 nicht
1170 3480 1328 3545 unbeliebt‚
1360 3479 1415 3548 rgl.

241 3549 420 3620 Aufz'ahlung
444 3549 625 3606 beschlossen
652 3551 722 3608 wird
750 3553 804 3607 mit
856 3553 938 3608 Rosc.
957 3555 1020 3607 Am.
1043 3557 1129 3617 §roc
1151 3567 1226 3608 nova
1248 3550 1415 3620 proscriptio

244 3623 340 3690 ‘atque
347 3622 513 3678 haecomnia
521 3622 605 3677 salvis
612 3639 676 3692 pop.
683 3623 805 3681 Romani
856 3624 1021 3691 instaurate,
1041 3623 1102 3679 hir.
1122 3628 1224 3691 37,19,
1242 3628 1259 3676 5
1277 3623 1417 3676 instaure-

244 3693 326 3747 sociis
340 3709 395 3748 ecee
407 3693 503 3763 peeta'.
524 3723 557 3733 —
580 3695 659 3749 ittam
669 3711 804 3764 paperem,
857 3712 920 3750 mus
933 3710 1037 3749 novum
1053 3693 1088 3750 de
1100 3694 1211 3764 integro
1226 3692 1333 3748 bellum
1348 3691 1412 3762 (An-

242 3763 279 3818 de
297 3763 363 3832 imp.
378 3769 394 3829 t
408 3770 442 3819 21
461 3765 498 3820 ab
517 3764 617 3820 eodem
633 3765 804 3836 imperatore
857 3766 953 3890 md}
1226 3775 1229 3782 '

244 3834 362 3888 classem
380 3851 513 3905 magnam
531 3839 561 3894 et
575 3838 711 3905 ornatam,
731 3852 803 3905 quae
893 3837 920 3891 X
946 3836 966 3906 I,
982 3842 1025 3893 84.
1044 3837 1322 3916 eedpcuidapr'qcuc,
1335 3834 1414 3890 Ture.

244 3906 362 3962 ducibus
376 3906 545 3963 Sertorianis
563 3909 600 3963 ad
614 3906 726 3962 ltaliam
745 3910 804 3962 stu-
858 3913 884 3976 t,
899 3913 916 3962 3
929 3907 1052 3978 vestigia
1065 3911 1161 3964 autem
1175 3908 1414 3977 Pythagoreorum

245 3976 292 4032 dio
311 3975 486 4031 inflammata
507 3981 667 4049 raperetur,
690 3995 802 4049 cupera-
857 3995 1027 4048 quemquam
1054 3979 1146 4034 multa
1172 3977 1269 4047 colligi
1292 3979 1416 4046 possunt

243 4051 304 4102 tam
323 4062 382 4102 esse
400 4049 486 4116 atque
504 4049 673 4120 depressam.
698 4081 731 4092 —-
756 4066 804 4119 spe
856 4049 954 4132 paucis
967 4052 1065 4106 tamen
1078 4052 1198 4118 utemur,
1215 4048 1347 4118 quoniam
1361 4064 1416 4103 non

244 4125 326 4188 atque
343 4119 453 4185 culmis,
471 4120 536 4174 weil
555 4120 600 4176 die
618 4122 736 4177 Absicht
753 4121 803 4176 be·
856 4122 887 4177 rd
905 4122 1000 4192 agitur
1017 4123 1070 4177 hoc
1089 4123 1223 4192 tempore.
1237 4149 1272 4160 -
1285 4121 1335 4176 hoc
1347 4119 1416 4186 dico,

244 4190 342 4258 stand
364 4187 394 4244 i'n
416 4189 517 4244 Italien
540 4192 594 4247 den
616 4191 805 4262 Bdrgerlrrieg
859 4190 1416 4260 ‘nureoviel’.-bellecmtcc,Pompeius

243 4278 300 4318 von
326 4276 427 4316 necem
455 4263 635 4318 anaufaohen.
662 4295 699 4308 -
726 4265 804 4320 mitto
857 4262 985 4333 ktmpfte
1004 4281 1052 4318 cnr
1065 4261 1127 4318 Zeit
1144 4263 1286 4318 derRede
1299 4263 1371 4318 noch
1385 4260 1413 4316 in

241 4334 358 4402 proclia,
372 4350 403 4390 sc
417 4334 495 4390 steht
509 4334 551 4389 oft
557 4335 661 4390 mittere
674 4335 729 4391 und
739 4335 804 4390 mia-
858 4335 958 4402 heien3
978 4336 1026 4390 ille
1042 4351 1104 4401 rec,
1123 4333 1219 4390 Mithr.
1239 4348 1296 4388 war
1314 4331 1416 4390 bereite

244 4419 305 4460 aar
319 4405 410 4470 saeue
427 4405 457 4460 in
471 4405 521 4462 der
533 4406 713 4474 Praeteritio;
732 4406 805 4459 auch
857 4407 909 4462 tot.
924 4435 959 4448 -
973 4407 1096 4476 populus
1109 4405 1261 4473 Romanus,
1273 4405 1354 4460 nicht
1365 4403 1417 4459 wie
