3026 4812
417 217 487 273 eno
507 187 537 273 a.
557 217 715 274 nunnus
733 217 867 274 cunno
884 223 1010 283 ,so-54.
1207 233 1215 250 ¹
1251 219 1292 282 41

120 365 205 465 ‹iuod
232 384 317 446 esset
343 381 378 444 in
407 400 482 444 suas
510 379 659 445 fortunas
686 379 871 446 incendium
895 382 1084 465 excitatum,
1110 381 1145 446 id
1169 403 1203 446 se
1226 403 1293 446 non

120 467 218 554 aqua,
246 469 301 534 sed
331 469 424 533 ruina
451 469 689 534 restincturum.
734 467 786 534 his
813 472 883 534 tum
911 470 1009 549 rebus
1036 473 1233 554 commotus,
1261 449 1341 562 effi}

124 557 210 644 quod
238 557 386 622 homines
416 557 483 622 iam
510 561 580 621 tum
608 557 794 624 coniuratos
826 579 899 622 oum
932 558 1050 642 gladiis
1080 559 1114 623 in
1145 581 1295 642 campum

125 647 237 734 deduci
257 669 276 710 a
295 643 438 711 Catilina
457 646 609 729 sciebam,
627 645 777 710 descendi
795 646 831 710 in
849 668 999 730 campum
1018 668 1091 712 cum
1109 647 1295 712 firmissimo

120 735 283 819 praesidio
309 733 564 799 ‘fortissimorum
585 735 736 799 'virorum
768 737 800 798 et
827 757 900 799 oum
926 735 985 800 illa
1012 735 1080 800 lata
1109 735 1296 822 insignique

122 823 232 908 lorica,
255 844 322 888 non
345 844 427 907 quae
451 843 504 886 me
522 825 648 908 tegeret
668 859 706 868 —
729 823 848 888 etenim
872 822 1014 888 sciebam
1030 821 1206 888 Catilinam
1228 845 1296 890 non

120 912 207 978 latus
233 915 289 978 aut
311 914 470 996 ventrem,
500 911 557 976 sed
579 916 678 995 caput
700 914 733 976 et
756 913 874 976 collum
895 912 1001 978 solere
1024 915 1134 996 petere
1161 949 1216 996 —-,
1243 935 1295 978 ve-

118 1023 193 1064 rum
214 1004 252 1064 ut
276 1021 388 1064 omnes
411 1000 489 1065 boni
513 1000 812 1084 animadverterent,
836 1005 877 1084 et,
901 1023 974 1066 cum
996 1001 1032 1065 in
1049 1005 1138 1066 metu
1162 1005 1195 1065 et
1212 1002 1295 1085 peri-

119 1089 192 1154 culo
221 1089 387 1154 consulem
411 1088 569 1171 viderent,
599 1088 632 1153 id
660 1089 746 1174 quod
768 1095 820 1153 est
845 1089 984 1172 factum,
1013 1089 1054 1154 ad
1082 1087 1182 1173 opem'
1204 1112 1297 1174 prae«

122 1178 304 1262 sidiumque
323 1179 559 1242 concurrerent.
601 1177 709 1261 itaque
733 1199 806 1242 cum
829 1182 871 1271 te,
895 1175 996 1261 Servi,
1018 1179 1238 1244 remissiorem
1261 1179 1296 1243 in

118 1267 257 1350 petendo
287 1269 453 1349 putarent,
493 1261 671 1330 Catilinam
698 1269 732 1330 et
759 1288 816 1350 spe
849 1269 882 1330 et
912 1267 1086 1349 cupiditate
1112 1267 1294 1332 ‘inflamma-

91 1414 95 1430 ,
119 1360 189 1418 tum
213 1353 371 1440 viderent,
396 1375 516 1432 omnes,
540 1355 596 1437 qui
619 1355 709 1418 illam
734 1355 776 1420 ab
799 1376 834 1420 re
852 1355 984 1439 publiea
997 1358 1123 1438 pestem
1136 1356 1295 1440 depellere

121 1444 309 1527 cupiebant,
342 1443 382 1506 ad
413 1439 582 1506 Murenam
615 1444 794 1508 sertatim
827 1443 1045 1510 contulerunt
1092 1463 1213 1528 magna
1244 1447 1295 1508 est
1308 1460 1334 1503 ee

120 1517 229 1596 autein
263 1531 404 1597 comitiis
432 1531 658 1596 consularibus
688 1533 859 1615 repentina
885 1533 1091 1598 voluntatum
1117 1533 1295 1616 inclinatio,

118 1620 312 1704 praesertim
341 1641 414 1686 oum
436 1619 583 1686 incubuit
612 1619 781 1685 advirum
804 1621 926 1686 bonum
954 1625 987 1685 et
1009 1622 1121 1686 multis
1144 1621 1217 1686 eliis
1241 1621 1297 1686 ad·

118 1709 273 1774 iumentis
296 1708 464 1792 petitionis
492 1711 656 1791 omatum3
688 1709 743 1792 qui
773 1731 846 1776 cum
870 1709 1099 1774 honestissimo
1126 1712 1231 1793 patre·
1248 1712 1295 1775 at·

121 1818 182 1883 que
201 1797 388 1880 maioribus,
410 1797 653 1862 modestissima
676 1798 902 1882 adulescentia,
925 1799 1106 1864 clarissima
1124 1799 1296 1881 legatione,

119 1890 273 1971 praetura
313 1886 429 1950 robata
448 1885 484 1950 in
501 1885 580 1969 iure,
601 1889 696 1971 grata
715 1886 750 1950 in
769 1908 909 1969 munere,
933 1889 1049 1952 ornata
1066 1886 1101 1951 iu
1119 1887 1296 1970 provincia,

117 1975 258 2058 petisset
285 1909 458 2058 ‹iiligenter
490 1979 523 2038 et
549 1974 596 2038 ita
623 1976 773 2059 petisset,
802 1978 839 2040 ut
865 1996 969 2058 neque
1001 1975 1140 2040 minanti
1170 1975 1297 2040 cederet

118 2084 223 2146 neque
242 2063 393 2148 cuiquam
407 2062 594 2146 minaretur,
612 2061 688 2150 huic
702 2063 887 2128 mirandum
906 2066 956 2128 est
974 2084 1094 2148 magno
1110 2063 1295 2129 adiumento

119 2149 280 2216 Catilinae
303 2151 445 2216 subitam
465 2171 556 2233 spem
580 2151 767 2216 consulatus
792 2152 989 2237 adipiscendi
1012 2151 1137 2218 fuisse?
1226 2188 1228 2192 ·

213 2239 308 2304 Nunc
331 2239 412 2304 mihi
434 2240 548 2307 tertius
572 2240 626 2304 ille
645 2240 737 2306 locus
760 2244 811 2306 est
833 2240 976 2325 reliquus
995 2242 1152 2306 orationis
1172 2241 1211 2306 de
1230 2263 1295 2306 am·
1310 2257 1336 2298 ⁵4

120 2328 208 2393 bitus
232 2328 429 2410 criminibus,
452 2332 670 2414 perpurgatus
694 2330 736 2394 ab
758 2321 819 2412 his,
843 2330 899 2414 qui
924 2333 999 2394 ente
1023 2351 1075 2394 me
1097 2330 1254 2413 dixerunt,
1277 2353 1297 2394 a

119 2438 181 2500 me,
204 2416 356 2501 quoniam
380 2417 427 2480 ita
449 2415 586 2481 Murena
607 2418 725 2502 voluit,
752 2419 990 2484 retractandus:
1020 2420 1140 2506 quoin
1164 2419 1235 2483 loco
1260 2415 1295 2484 C.

119 2503 291 2588 Postumo,
313 2503 470 2576 familiari
494 2527 581 2589 meo,
609 2507 817 2572 ornatissimo
839 2507 925 2592 viro,
952 2507 991 2572 de
1015 2507 1192 2572 divisorum
1213 2507 1296 2571 indi:
1385 2529 1399 2547 ·

121 2678 160 2732 iet·
177 2696 206 2734 es
225 2696 258 2732 au
273 2679 344 2746 sptt.
362 2709 399 2718 —
417 2679 449 2732 tn
462 2693 528 2733 auos
545 2678 682 2747 fortunae,
771 2685 814 2737 53.
829 2686 984 2750 manaret
1000 2681 1069 2736 ‘viel
1077 2681 1214 2750 vermag’‚
1231 2681 1298 2736 ‘von

122 2749 149 2806 d.
168 2749 195 2804 h.
215 2765 297 2804 wenn
314 2767 381 2804 man
399 2749 489 2805 seiner
507 2748 683 2820 Bewerbung
736 2751 859 2822 grossum
873 2751 990 2808 Eiullula
1003 2752 1064 2807 ist'.
1083 2781 1116 2792 —
1134 2757 1234 2818 autern
1250 2751 1295 2806 die

121 2819 180 2874 und
203 2819 389 2888 Designation
412 2819 457 2876 ein
480 2819 630 2876 Hindernis
653 2821 683 2875 in
737 2823 868 2892 Stellung
893 2823 948 2878 wie
970 2823 1016 2877 bei
1039 2823 1126 2890 enirn,
1155 2829 1232 2889 522.
1263 2853 1296 2864 -

121 2891 178 2946 den
196 2891 268 2960 ng
286 2891 368 2960 legen
386 2890 491 2948 wollte.
736 2893 917 2963 botronatum,
936 2894 985 2948 der
1002 2891 1099 2948 Plural
1116 2894 1168 2948 wie
1188 2898 1243 2959 51.
1263 2925 1297 2934 -

157 2960 323 3030 xxv1,sa
360 2963 417 3018 tam
439 2967 497 3018 tum
516 2963 682 3029 coniuratos,
736 2965 875 3029 incubuit,
900 2980 951 3032 pro
974 2962 1064 3018 Balbo
1088 2969 1122 3019 68
1147 2957 1179 3017 bt
1200 2963 1231 3018 in
1253 2980 1298 3018 me

125 3031 222 3088 Cicero
246 3031 353 3102 spn'cht
377 3033 422 3087 die
439 3032 616 3102 Vermutung
634 3050 683 3088 aus
736 3051 822 3089 unum
841 3034 931 3088 omnis
949 3033 1001 3088 illa
1013 3033 1160 3089 inclinatio
1174 3049 1297 3088 commu-

117 3102 214 3172 ·OEnde
233 3103 417 3171 November),
441 3103 503 3158 dass
527 3105 614 3159 sehon
636 3123 684 3158 aur
737 3105 815 3160 nium
834 3108 993 3174 temporum
1012 3105 1168 3160 inclinaret.
1187 3107 1296 3160 --odt

124 3173 186 3229 Zeit
204 3175 254 3230 der
270 3173 422 3240 Komitien,
442 3174 502 3229 also
521 3175 599 3230 Ende
616 3174 683 3243 Juli,
732 3181 804 3246 pet,
833 3174 1030 3231 ‘Hilfsmitteln
1052 3176 1099 3230 ffir
1122 3175 1167 3230 die
1190 3176 1298 3230 Bewer·

124 3244 185 3298 sich
200 3245 246 3299 ein
259 3244 438 3300 Grundetook
452 3261 508 3300 von
522 3244 683 3301 Verschwo·
737 3247 835 3316 bung',
855 3247 956 3302 andere
974 3253 990 3314 ξ
1005 3253 1038 3301 63
1057 3246 1220 3302 adiumenta
1234 3247 1297 3302 doc·

122 3331 210 3370 renen
232 3332 280 3368 um
302 3316 425 3372 Catilina
447 3315 575 3386 gebildet
596 3316 683 3372 hatte.
737 3318 838 3378 trinta
863 3317 906 3372 Im
924 3317 1077 3388 folgenden
1089 3316 1161 3374 wird
1174 3318 1224 3372 das
1240 3319 1297 3372 frn-

124 3386 177 3440 Die
192 3385 335 3442 wirkliche
346 3387 544 3457 Organisation
558 3387 607 3442 der
617 3387 683 3442 Ver·
737 3388 802 3444 her'
817 3389 1128 3459 aureinandergesetate
1155 3389 1297 3458 rekapitn·

124 3457 292 3526 sohwtrnng
309 3455 420 3526 tegani
439 3459 510 3514 erst
528 3459 617 3512 nach
634 3459 685 3513 der
738 3460 810 3515 liert.
839 3491 873 3500 —
900 3461 933 3515 tra
950 3462 1026 3528 inre,
1054 3459 1096 3514 ‘in
1113 3460 1163 3514 der
1180 3459 1297 3514 Rechts-

123 3525 373 3595 Wahlm'ederlage
388 3527 522 3584 Catilinas
533 3530 683 3599 (Anhang).
737 3531 851 3599 pflege’.
875 3561 911 3572 -
932 3533 1067 3598 minanti,
1088 3531 1152 3587 dem
1177 3529 1231 3583 mit
1249 3530 1299 3583 der

124 3629 158 3639 -
174 3599 242 3664 lato,
256 3597 306 3652 der
314 3597 421 3653 Panner
433 3599 502 3670 ging
515 3601 684 3669 ungcwthn·
737 3601 867 3672 Anklage
896 3601 1060 3657 drohe'nden
1087 3599 1235 3670 Sulpicius.
1264 3629 1298 3640 -

124 3668 183 3723 lich
202 3668 269 3723 weit
286 3667 394 3737 hineuf,
412 3686 444 3725 so
464 3669 524 3726 durs
543 3687 573 3726 er
591 3671 620 3726 in
635 3671 685 3727 der
740 3671 798 3728 Cot.
817 3703 851 3713 —
871 3674 1050 3742 adipiscendi.
1086 3671 1150 3726 Wie
1169 3671 1237 3726 weit
1255 3669 1297 3724 Ci-

123 3740 206 3794 Nthe
224 3740 273 3794 des
286 3737 386 3796 Halses
405 3739 530 3796 sichtbar
546 3759 617 3808 war3
637 3742 683 3796 da·
739 3759 802 3798 cero
825 3744 856 3798 in
878 3744 928 3799 der
946 3742 1130 3809 Anwendung
1153 3741 1228 3796 eines
1246 3743 1298 3798 sol·

122 3811 177 3866 her
203 3811 322 3881 iunonis
351 3810 619 3870 ‘hernorsteohend'.
648 3843 684 3854 -
738 3813 809 3869 elren
827 3814 980 3882 doppelten
995 3812 1114 3869 Genetiv
1128 3813 1205 3882 geht,
1224 3813 1299 3882 zeigt

124 3887 209 3951 caput
231 3887 256 3938 ct
278 3883 390 3948 collum,
417 3881 528 3937 beaiebt
553 3883 613 3938 sich
636 3883 686 3938 auf
738 3885 773 3940 de
791 3885 837 3938 fin.
856 3890 886 3951 3,
906 3889 940 3938 51
963 3884 1013 3937 sed
1035 3900 1091 3938 non
1114 3883 1237 3940 alienum
1256 3887 1298 3938 est

127 3953 174 4008 die
188 3953 354 4022 Thungkeie
371 3953 420 4008 dee
435 3951 556 4008 Catilina
568 3955 616 4009 bei
629 3955 684 4008 den
738 3971 794 4022 quo
817 3953 928 4008 facilius
950 3955 994 4009 vis
1017 3952 1097 4010 verbi
1116 3953 1299 4024 intellegatur

72 4056 75 4062 ·
126 4021 322 4080 Sullanischen
331 4023 568 4094 Proslniptioneu.
584 4025 685 4080 Dical-
739 4025 877 4080 rationem
897 4024 991 4080 buius
1023 4024 1147 4081 faciendi
1179 4023 1298 4080 Zenonis

125 4094 301 4150 litter.Verb.
311 4097 411 4165 capet
420 4095 523 4150 collum
532 4096 569 4150 ist
578 4095 687 4151 beliebt
740 4111 885 4166 exponere.

127 4165 277 4236 (Anhang).
292 4197 328 4207 -
345 4167 377 4221 id
389 4169 462 4236 quod
475 4172 513 4222 at
526 4167 639 4234 suctum,
657 4166 686 4222 id
776 4171 818 4220 54.
837 4171 897 4223 tert.
916 4167 991 4223 toene
1009 4197 1043 4208 ——
1062 4168 1095 4222 de
1113 4167 1231 4222 ambitus
1244 4166 1297 4220 cri·

126 4236 203 4306 quod
228 4236 292 4291 ‘wie
311 4254 341 4292 ee
360 4239 434 4292 deun
452 4237 524 4292 auch
542 4235 686 4306 geschah',
740 4238 874 4304 minitata
888 4238 990 4294 dritten
1003 4236 1065 4292 Teil
1079 4235 1298 4292 derConfutatio

125 4307 687 4377 ebensoevenitgerndenWortenwor·
741 4313 884 4374 §bt-83.
909 4340 943 4350 —
967 4327 986 4364 a
1004 4325 1045 4363 mc
1063 4308 1134 4362 statt
1151 4305 1229 4374 mihi,
1249 4323 1299 4362 aus

123 4379 175 4434 aul
191 4396 220 4434 es
239 4378 300 4433 sich
318 4377 439 4447 benieht,
457 4379 668 4450 vorangestellt.
740 4378 1125 4446 Konsinnitttsruolrsiohten.
1144 4407 1180 4418 —
1197 4379 1230 4432 cle
1243 4379 1297 4434 cliv.
