3026 4812
359 221 362 228 ’
413 232 485 288 saO
504 233 533 286 a.
553 233 710 288 nunnus
728 231 865 289 ORATIO
884 237 1007 288 ae-er.
1253 233 1298 297 45

124 397 220 480 dices,
243 399 276 459 et
299 395 452 460 miseram
476 396 697 460 condicionem
720 396 870 460 instituet
892 395 1044 478 periculis
1067 395 1246 478 hominum,
1270 397 1297 460 si

124 485 326 551 existimabit
344 484 496 549 iudicium
515 485 713 550 accusatoris
731 486 766 549 in
784 505 875 549 reum
893 505 952 566 pro
972 484 1080 568 aliquo
1100 485 1297 568 praeiudicio

124 574 233 639 valere
257 577 416 657 oportere.
440 649 443 654 .
462 593 522 658 ego
546 578 638 638 tuum
661 573 841 656 consilium,
864 571 956 657 Calc,
978 575 1112 657 propter
1135 573 1299 657 singulare
1313 579 1350 633 29

125 662 227 727 animi
263 661 327 726 mei
364 662 403 727 de
438 664 496 726 tua
527 663 648 726 virtute
678 661 847 744 iudicium,
883 662 1068 744 vituperare
1104 662 1195 726 nolo:
1231 683 1299 726 non

123 752 214 816 nulla
240 751 381 815 forsitan
409 749 611 816 conformare
644 754 677 814 et
704 751 819 815 leviter
846 749 1015 814 emendare
1041 750 1174 834 possim.
1220 749 1298 815 ‘non

126 839 231 904 multa
254 837 389 923 peccas‚'
413 839 519 925 inquit
541 840 596 904 ille
619 839 798 910 fortissimo
818 838 887 903 viro
911 844 1020 903 senior
1042 839 1206 924 magister,
1230 837 1298 902 ‘sed

124 950 253 1012 peccas:
277 932 309 992 te
331 948 444 1010 regere
467 926 620 1012 possum?
667 930 701 992 at
724 947 786 1012 ego
809 949 877 992 non
897 929 944 990 te:
968 927 1136 992 verissime
1164 925 1298 992 dixerim

124 1013 258 1100 paccare
281 1023 314 1080 te
337 1016 421 1080 nihil
443 1038 548 1100 neque
571 1017 639 1081 ulla
660 1017 697 1080 in
719 1038 754 1080 re
777 1019 811 1080 te
825 1036 895 1080 esse
910 1015 1004 1080 huius
1019 1015 1120 1099 modi,
1144 1019 1180 1080 ut
1199 1017 1297 1081 corri-

125 1106 249 1190 gendus
277 1104 385 1188 potius
418 1127 516 1188 quam
546 1106 659 1169 leviter
688 1105 900 1169 inflectendus
928 1125 999 1168 esse
1028 1103 1170 1189 videare3
1205 1105 1299 1168 finxit

124 1195 213 1258 enim
230 1198 263 1258 te
281 1194 353 1276 ipsa
371 1197 490 1258 natura
514 1193 554 1258 ad
572 1194 787 1277 honestatem,
811 1193 1014 1278 gravitatem,
1036 1194 1300 1278 temperantiam,

125 1282 385 1368 magnitudinem
418 1281 533 1359 animi,
569 1283 728 1347 iustitiam
735 1333 743 1368 ,
780 1281 822 1347 ad
850 1303 962 1347 ornnes
995 1281 1132 1364 denique
1159 1281 1297 1347 virtutes

123 1391 280 1456 magnum
307 1371 474 1435 hominem
501 1373 534 1434 et
560 1371 730 1438 excelsum.
782 1371 915 1434 accessit
941 1371 1026 1434 istuc
1053 1369 1203 1434 doctrina
1230 1391 1298 1435 non

123 1460 293 1524 moderata
320 1480 380 1524 nec
408 1460 510 1543 mitis,
538 1459 607 1538 sed,
635 1463 672 1524 ut
698 1459 779 1524 mihi
803 1460 942 1542 videtur,
970 1459 1067 1542 paulo
1091 1459 1237 1543 asperior
1266 1462 1299 1523 et

123 1549 236 1612 durior
259 1570 355 1631 quam
380 1551 437 1612 aut
458 1547 579 1612 veritas
603 1552 660 1612 aut
681 1551 798 1612 natura
820 1549 953 1631 patitur.
999 1550 1033 1611 et
1055 1547 1208 1630 quoniam
1230 1568 1297 1611 non
1311 1565 1338 1604 ⁶1

121 1641 174 1701 est
192 1637 288 1702 nobis
311 1636 392 1700 haee
412 1637 517 1701 oratio
536 1634 685 1701 habenda
709 1640 766 1702 aut
788 1635 822 1701 in
840 1636 992 1720 imperita
1010 1635 1218 1700 multitudine
1242 1639 1299 1701 aut

122 1726 158 1790 in
177 1725 285 1808 aliquo
304 1728 467 1790 conventu
487 1725 672 1810 agrestium,
697 1725 850 1790 audacius
870 1725 967 1809 paulo
991 1724 1030 1789 de
1050 1725 1165 1788 stuffiis
1184 1724 1298 1789 huma·
1387 1796 1389 1802 ¹

124 1814 251 1898 nitatis,
272 1835 356 1898 quae
375 1816 407 1878 et
426 1812 508 1878 mihi
531 1817 564 1878 et
581 1814 675 1880 vobis'
698 1817 778 1878 nota
801 1817 834 1878 et
851 1814 990 1879 iucunda
1009 1817 1093 1896 sunt,
1116 1813 1299 1896 disputabo,

124 1903 160 1966 in
179 1902 223 1966 M.
237 1901 370 1985 Catone,
393 1903 523 1986 iudices,
546 1902 626 1967 haec
644 1903 733 1967 bona
755 1923 838 1988 quae
856 1903 1002 1967 videmus
1026 1902 1135 1967 divina
1159 1907 1192 1965 et
1210 1922 1298 1986 egre·

123 2159 160 2169 -
188 2129 248 2184 mie.
272 2131 364 2196 cond,
387 2127 416 2182 in
436 2127 546 2197 Cata,
567 2135 599 2183 14
619 2145 683 2183 con·

123 2197 264 2255 dicionem
291 2198 422 2254 miseram
446 2215 504 2254 non
525 2199 613 2255 modo
635 2199 684 2254 ad-

123 2269 327 2325 ministrandae
346 2271 394 2325 sed
413 2271 499 2326 etiarn
518 2287 685 2327 conservan-

124 2342 178 2396 dae
196 2339 377 2410 reipublicae.
402 2372 435 2382 -
458 2343 596 2411 instituet,
616 2348 631 2408 ξ
650 2348 684 2396 47

125 2409 267 2467 duriorem
284 2411 413 2466 fortunae
432 2411 573 2466 communi
591 2411 686 2468 condi·

124 2484 234 2538 cionem
258 2484 287 2537 te
311 2484 425 2537 auctore
447 2483 612 2549 constituet3
636 2500 686 2554 pro

127 2553 269 2609 Balboura
294 2555 368 2608 hanc
385 2555 418 2607 tu
435 2551 523 2623 igitur
542 2594 548 2606 .
569 2596 575 2610 .
596 2594 602 2606 .
621 2570 686 2608 eon-

127 2623 267 2680 dicionem
291 2620 393 2679 statuis
411 2622 569 2680 Gaditanis.
589 2655 623 2664 -
642 2641 686 2678 ea-

128 2697 267 2750 animabit
299 2696 392 2751 ‘wenn
424 2712 455 2750 er
482 2693 527 2748 die
553 2695 687 2764 bieinung

127 2763 687 2836 hegt';vomStandpunlrtderlediglioh

128 2835 340 2892 theoretischen
357 2837 548 2906 Batrachtung
571 2853 621 2891 aur
639 2852 687 2906 ge·

126 2908 275 2978 sproehen,
293 2907 381 2961 daher
398 2909 471 2962 auch
489 2909 613 2962 instituet
630 2907 688 2962 und

126 2983 256 3048 oportue.
285 3007 319 3018 -
346 2979 379 3032 ia
396 2993 485 3046 ream,
509 2982 588 3034 ronst
611 2979 689 3033 steht

127 3048 264 3104 iudicium
281 3066 335 3103 nur
351 3047 405 3103 mit
423 3048 466 3104 de.

163 3119 261 3175 XXIX.
281 3120 431 3188 fortissimo
443 3120 514 3187 otro,
528 3119 618 3175 dieser
632 3120 687 3174 Da-

127 3189 171 3246 tiv
197 3191 244 3246 bei
270 3189 363 3259 inquit
394 3190 433 3245 ist
462 3189 687 3259 ungewbhnlich.

126 3249 265 3330 Ubrigens
288 3261 327 3317 ist
344 3261 469 3317 Achilles
488 3260 614 3330 gemeint
631 3261 689 3315 und

128 3335 212 3387 unter
230 3333 293 3385 dem
319 3334 412 3388 senior
430 3333 567 3401 magister
585 3330 689 3386 Chiron

125 3403 197 3459 oder
223 3401 343 3457 Phoinix
376 3423 411 3458 au
437 3404 594 3458 verstehen.
635 3401 688 3457 Die

128 3474 228 3529 Worte
244 3472 308 3528 sind
322 3489 372 3528 aus
388 3474 479 3529 einem
488 3474 566 3529 alten
576 3473 688 3543 Drama,

128 3543 364 3600 wahrscheinlieh
387 3545 436 3599 des
465 3547 497 3600 L.
521 3546 616 3601 Attius
640 3562 689 3614 ge-

128 3632 268 3670 nOmmen.
307 3615 401 3668 Dureh
426 3615 476 3669 das
496 3616 572 3671 Oiai
595 3615 690 3684 klingt

132 3685 178 3740 die
196 3687 272 3742 wohl
290 3684 497 3754 beabsiehtigte
515 3685 690 3758 Anapielung

131 3758 182 3812 auf
197 3756 243 3812 die
258 3756 399 3812 stoischen
413 3756 536 3811 Termini
548 3764 691 3828 peecatum

128 3825 690 3898 adpoiprrppcffiddlundrectum=aotr·

126 3897 250 3968 dplltopu
270 3902 294 3970 (5
314 3900 342 3968 3)
357 3899 454 3953 durch.
481 3927 515 3938 --
538 3900 630 3954 leviter
647 3901 692 3954 in·

126 3971 288 4040 stromate,
314 3969 350 4025 de
368 3969 424 4025 div.
445 3975 473 4035 1,
493 3974 527 4023 30
545 3969 637 4024 lituus
659 3971 691 4024 id

131 4044 176 4096 est
198 4041 343 4096 incurvum
369 4043 398 4096 et
420 4039 522 4095 leviter
546 4056 564 4094 a
582 4059 690 4096 summo

129 4111 261 4166 inflexum
274 4111 417 4166 bacillum.
436 4141 470 4151 -
488 4113 579 4180 fiuxit,
599 4111 633 4165 de
651 4128 690 4166 or.

129 4187 158 4249 2,
172 4187 224 4236 219
243 4185 345 4236 natura
363 4183 438 4236 enim
456 4182 539 4254 fingit
556 4183 690 4238 homines.

131 4283 164 4293 -
179 4267 308 4323 moyerem
321 4255 389 4310 bom.
404 4258 430 4308 et
443 4255 587 4322 accelerem,
605 4254 691 4308 nach-

130 4324 309 4379 drucksvolle
328 4324 590 4392 Zusammenfarsun
633 4324 691 4380 ‘als

126 4393 213 4450 einen
236 4393 348 4464 grossen
366 4396 481 4464 Mann’3
508 4398 562 4467 rgl.
581 4343 691 4453 dasem.

738 2135 754 2184 2
783 2134 798 2194 θ
819 2134 850 2182 11
879 2129 908 2182 te
930 2129 1032 2182 natura
1055 2128 1194 2182 excelsum
1214 2135 1306 2198 quem

718 2241 722 2250 .
739 2199 844 2254 damet
857 2199 945 2254 altum
960 2197 1066 2269 genuit.
1080 2229 1114 2239 -
1129 2201 1200 2255 istae
1213 2199 1299 2255 naml.

739 2287 772 2324 zu
795 2271 850 2325 den
869 2286 923 2325 von
946 2270 995 2324 der
1013 2270 1104 2324 Natur
1121 2269 1301 2325 verliehenen

738 2341 894 2411 Vorzdgen.
927 2371 961 2382 -
993 2342 1120 2396 dostram
1149 2341 1300 2396 ‘Schule'.

741 2443 775 2454 -
797 2413 950 2480 moderata,
977 2413 1065 2479 mitia,
1093 2412 1208 2466 allitter.
1231 2412 1300 2466 Ver-

740 2484 875 2553 bindung.
895 2514 931 2523 -
948 2484 1049 2538 ceritas
1064 2481 1299 2551 ‘Wirklichlreit'‚

739 2559 845 2609 natura
873 2551 1075 2608 ‘mensohliehe
1103 2553 1221 2622 Natur’3
1251 2559 1301 2608 act

741 2625 818 2680 steht
845 2626 916 2680 statt
937 2631 964 2680 et
989 2640 1088 2695 wegen
1111 2624 1160 2679 des
1182 2622 1213 2678 in
1236 2625 1301 2679 dem

739 2695 990 2764 vorhergehenden
999 2694 1183 2764 Komparativ
1196 2693 1302 2766 liegen·

741 2768 796 2820 den
808 2765 961 2836 negativas
976 2767 1075 2821 Sinner
1085 2791 1120 2812 ==
1130 2782 1215 2835 quam
1229 2769 1301 2837 qais-

741 2853 825 2907 quam
843 2837 927 2906 putat
945 2838 991 2905 (cf.
1011 2843 1026 2903 ᾖ
1046 2839 1100 2906 78).
1138 2840 1192 2892 Zur
1212 2837 1301 2893 Sache

742 2907 799 2978 vgl.
815 2906 911 2962 defin.
926 2913 953 2975 4,
963 2912 997 2962 85
1012 2925 1107 2962 sensus
1122 2908 1196 2962 enim
1211 2907 1302 2962 cuius·

740 2977 1303 3117 ee.⁹tftitt.t⁶t¹eetehb⁵²di

741 3121 824 3190 posse
842 3119 945 3174 adduci
963 3121 995 3173 ut
1013 3118 1086 3174 inter
1105 3135 1152 3174 eas
1171 3136 1215 3174 rer
1230 3137 1300 3190 quas

742 3191 817 3247 Zeno
836 3193 1013 3259 exaequaret,
1031 3189 1104 3245 nihil
1122 3190 1279 3246 interesset.

778 3339 820 3388 61.
840 3334 872 3387 ln
889 3334 954 3402 imp.
973 3335 1060 3401 malt,
1078 3348 1129 3402 pro
1143 3331 1249 3388 Milone
1267 3339 1301 3388 90

741 3419 832 3474 neque
850 3401 881 3457 id
898 3403 960 3457 fieri
979 3419 996 3458 a
1013 3403 1196 3460 multitudine
1214 3403 1302 3474 impe-

742 3473 813 3542 rita3
831 3475 888 3542 rgl.
904 3480 920 3540 ξ
935 3479 969 3530 38
983 3475 1084 3544 vulgus
1098 3475 1300 3544 imperitorum.

743 3547 788 3599 An
810 3562 923 3600 unserer
941 3546 1030 3600 Stella
1052 3545 1112 3601 will
1130 3545 1227 3600 Cicero
1253 3545 1303 3599 der

743 3631 847 3670 corona
864 3615 910 3671 ein
924 3615 1118 3687 Komplimcnt
1131 3619 1251 3670 machen
1266 3617 1303 3671 ad

743 3687 969 3743 benevolentiam
988 3687 1164 3757 captandam.
1193 3686 1302 3741 Anders

743 3758 842 3813 urteilt
860 3775 889 3812 er
908 3759 942 3814 de
962 3758 1008 3812 fin.
1023 3764 1049 3826 4,
1065 3763 1099 3813 74
1116 3773 1172 3810 non
1191 3773 1243 3827 ego
1262 3761 1303 3812 te·

745 3847 808 3884 curn
828 3828 919 3898 (Cato)
938 3831 995 3884 iarn
1013 3828 1056 3883 ita
1073 3827 1188 3883 iocabor
1206 3831 1239 3883 ut
1255 3829 1303 3884 iis·

745 3900 810 3954 dem
828 3900 863 3953 de
877 3899 959 3954 rebus
975 3917 1037 3953 cum
1051 3899 1083 3952 L.
1097 3899 1242 3955 Murenam
1256 3900 1303 3954 de-

742 3971 893 4024 fenderem.
921 3970 1005 4039 Apud
1018 3968 1163 4039 imperitos
1177 3973 1238 4025 tum
1252 3970 1304 4026 illa

744 4041 822 4094 dicta
845 4041 923 4107 sunt3
946 4039 1054 4109 aliquid
1078 4041 1164 4095 etiarn
1183 4057 1303 4096 coronae

745 4113 854 4176 datum3
869 4127 942 4166 nunc
956 4110 1096 4180 agendum
1111 4115 1154 4167 est
1163 4112 1303 4168 subtilius.

746 4214 778 4222 —
794 4183 931 4238 audomar
940 4185 1036 4252 poulo,
1050 4183 1304 4238 naohdruclrsvolle

746 4253 887 4323 Stellnng,
911 4253 1012 4309 eberiso
1031 4259 1047 4320 5
1067 4259 1100 4309 79
1123 4253 1186 4324 plus
1204 4254 1302 4308 multe.

746 4356 779 4365 —
798 4325 832 4379 de
849 4327 949 4382 stadiis
966 4327 1048 4391 bam„
1066 4341 1117 4394 pro
1130 4324 1213 4376 Aroh.
1233 4331 1249 4378 3
1269 4323 1304 4379 de

745 4395 846 4452 studiis
871 4394 1057 4452 humanitatis
1081 4411 1114 4450 ao
1138 4393 1303 4451 litterarum.
