3026 4812
236 253 278 316 1²1
629 253 666 308 M.
685 248 808 309 TULLPI
825 244 1017 309 CICERONIS

234 416 377 500 reperire
389 436 457 481 uon
475 420 579 501 potes,
598 416 631 481 in
647 437 684 482 eo
697 419 732 482 te
746 417 895 482 umbram
909 415 1054 481 luxuriae
1069 419 1272 499 reperturum
1286 417 1407 500 putas?

194 525 220 563 14
234 505 317 569 nihil
339 506 440 591 igitur
463 505 498 569 in
520 506 622 571 vitam
645 505 680 571 L.
704 504 857 570 Murenae
881 503 945 569 dici
968 505 1100 589 potest?
1145 504 1242 588 nihil,
1265 505 1408 589 inquam,

235 594 376 677 omnino,
398 594 533 677 iudices3
557 593 603 659 sic
622 616 641 658 a
660 616 711 658 me
731 596 844 660 consul
863 593 1052 680 designatus
1072 591 1263 678 defenditur,
1282 598 1319 658 ut
1338 593 1408 658 eius

233 683 323 748 nulla
342 683 441 765 fraus,
463 683 557 748 nulla
576 684 723 762 avaritia,
746 683 837 748 nulla
855 683 1000 767 perfidia,
1022 683 1113 748 nulla
1131 682 1316 766 crudelitas,
1339 684 1409 747 nul-

234 773 301 836 lum
324 773 476 856 petulans
501 772 622 837 dictum
651 773 699 852 [in
722 773 802 852 vita]
831 772 1024 856 proferatur.
1071 772 1153 836 bene
1180 771 1292 836 habet:
1320 771 1408 836 iacta

234 864 310 926 aunt
337 861 548 926 hindamenta
577 860 787 944 defensionis3
815 860 960 926 nondum
987 861 1073 925 enirn
1101 861 1222 947 nostris
1246 860 1409 944 laudibus,

234 949 350 1034 quibus
379 953 452 1014 utar
479 953 607 1034 postea,
635 948 691 1014 sed
719 971 820 1034 prope
847 949 1052 1015 inimicorum
1074 949 1279 1014 confessione
1302 950 1407 1013 virum

200 1033 355 1103 ⁷bonum
385 1043 482 1124 atque
509 1037 671 1124 integrum
698 1039 863 1103 homiuem
892 1037 1105 1121 defendimus3
1138 1056 1201 1123 quo
1230 1039 1407 1103 constituto

233 1126 361 1192 facilior
384 1131 434 1192 eet
456 1126 538 1192 mihi
562 1128 668 1192 aditus
692 1128 734 1191 ad
757 1127 999 1192 contentionem
1023 1126 1200 1212 dignitatis,
1225 1148 1307 1211 quae
1329 1146 1407 1212 pars

234 1217 335 1280 altera
357 1215 420 1280 fuit
443 1216 667 1281 accusationis.

194 1313 219 1352 1⁶
323 1303 489 1370 Summam
517 1304 610 1370 video
639 1325 710 1370 esse
736 1305 772 1369 in
798 1307 846 1389 te,
874 1303 941 1370 Ser.
965 1303 1102 1388 Sulpici,
1129 1304 1325 1388 dignitatern
1353 1325 1407 1390 ge·

232 1394 319 1458 neris
342 1394 554 1480 integritatis,
581 1393 760 1459 industriae
783 1398 1027 1478 colonorumque
1051 1397 1315 1458 ornamentorum
1339 1411 1406 1458 onr-

232 1483 332 1566 nium,
356 1483 472 1566 quibus
490 1483 609 1548 fretum
629 1483 670 1548 ad
694 1484 881 1548 consulatus
901 1483 1093 1567 petitionem
1113 1481 1245 1566 adgredi
1263 1503 1323 1565 par
1343 1487 1405 1566 ost;

233 1572 325 1655 paria
343 1591 504 1656 cognosco
524 1592 594 1636 esse
612 1572 677 1636 ista
694 1572 728 1636 in
742 1571 777 1637 L.
790 1571 927 1637 Murena
946 1576 1043 1657 atque
1057 1571 1104 1635 ita
1122 1572 1224 1655 paria,
1246 1575 1283 1635 ut
1301 1589 1405 1656 neque

232 1661 302 1743 ipse
325 1659 484 1744 dignitate
508 1681 527 1724 a
549 1664 582 1724 te
605 1661 691 1726 vinci
713 1662 857 1744 potuerit
878 1681 984 1746 neque
1001 1664 1035 1724 te
1054 1661 1215 1744 dignitate
1234 1664 1404 1743 superarit.

233 1748 456 1832 contempsisti
483 1746 520 1814 L.
546 1747 700 1814 Murenae
728 1768 843 1835 genus3
874 1750 1020 1814 extulisti
1047 1752 1155 1813 tuum:
1184 1769 1247 1833 quo
1278 1750 1349 1814 loco
1379 1750 1407 1813 si

231 1835 293 1901 tihi
315 1837 377 1902 hoc
401 1836 511 1919 sumis,
534 1838 599 1902 nisi
623 1839 677 1922 qui
701 1839 857 1924 patricius
881 1839 934 1923 sit,
961 1838 1125 1902 neminem
1148 1837 1235 1903 bono
1259 1859 1329 1902 esso
1353 1859 1406 1922 ge—

231 1946 307 1990 nere
335 1929 462 2008 natum,
489 1925 572 1991 fecis
599 1931 636 1992 ut
663 1947 774 1992 rursus
801 1928 912 2011 plebes
940 1927 975 1992 in
997 1926 1197 1992 Aventinum
1226 1927 1407 1991 sevocanda

232 2036 302 2080 esse
335 2013 494 2099 videatur3
528 2016 579 2080 sin
611 2019 718 2081 autern
752 2021 828 2081 sunt
860 2016 989 2101 amplae
1017 2020 1050 2080 et
1077 2015 1234 2080 honestae
1261 2015 1406 2080 familiae

231 2103 386 2188 plebeiae,
410 2107 443 2168 et
465 2124 606 2188 proavus
625 2104 659 2171 L.
678 2104 833 2171 Murenae
857 2110 891 2170 et
916 2127 993 2170 arus
1017 2107 1148 2189 praetor
1169 2103 1234 2168 fuit
1258 2107 1291 2168 et
1310 2109 1407 2188 pater

232 2213 306 2256 cum
329 2193 527 2276 amplissime
550 2196 648 2278 atqua
671 2194 902 2260 honestissime
926 2215 964 2258 ex
986 2199 1140 2278 praetura
1162 2193 1406 2277 triumphasset,

231 2280 294 2345 hoc
326 2281 506 2347 faciliorem
538 2281 615 2346 huic
646 2283 781 2366 gradum
814 2284 1002 2349 consulatus
1034 2281 1233 2367 adipiscendi
1265 2282 1406 2368 reliquit,

193 2392 218 2431 io
234 2371 320 2454 quod
348 2371 377 2435 is
405 2370 471 2434 iam
497 2372 584 2455 patri
611 2371 738 2438 debitus
767 2395 786 2436 a
813 2372 880 2436 filio
908 2371 1088 2456 petebatur.
1134 2374 1192 2436 tua
1215 2392 1291 2437 vero
1314 2370 1406 2436 nobi-

231 2579 419 2650 Untugenden
445 2580 513 2636 kain
536 2597 566 2636 ao
590 2579 698 2651 grosser
720 2581 791 2636 V‘or-
880 2580 941 2650 Vll,
962 2585 1003 2636 15.
1031 2581 1232 2654 Hierbeginnt
1245 2582 1295 2636 der
1309 2582 1406 2637 sweite

231 2651 305 2706 wurf
328 2650 375 2705 ffir
401 2651 455 2706 den
482 2651 681 2722 Angelrlagten
706 2657 791 2721 ware,
846 2651 908 2708 Teil
922 2653 971 2708 der
985 2651 1148 2708 confutatio
1163 2654 1324 2736 (515-53),
1340 2654 1406 2707 reel-

231 2721 268 2776 da
286 2721 362 2775 diese
378 2721 410 2792 J‘a
427 2720 474 2776 fur
491 2721 669 2792 gewohnlioh
682 2741 734 2777 nur
748 2723 791 2777 als
846 2724 913 2779 cher
935 2724 981 2779 die
1007 2722 1150 2778 contentio
1176 2725 1324 2793 dignitatis
1342 2739 1405 2778 num

230 2791 404 2863 voluptates,
418 2793 498 2849 nicht
512 2792 554 2848 als
563 2793 746 2863 vitiagelten.
756 2825 790 2835 -
846 2793 1024 2865 Gegenstand
1034 2795 1094 2849 hat.
1109 2823 1142 2834 -
1157 2800 1354 2866 ramorumque
1363 2811 1405 2850 or-

232 2865 357 2919 nmtram
379 2865 521 2930 incanae,
543 2865 654 2920 luxuria
675 2865 792 2921 umlasst
844 2872 1036 2922 acmentarium
1054 2867 1184 2933 amnites,
1202 2881 1252 2937 pro
1271 2867 1351 2922 Font.
1370 2871 1407 2920 24

232 2935 274 2990 als
294 2934 515 3005 Gesamtbegriff
529 2935 575 2992 die
593 2938 665 2992 oben
684 2937 791 2992 einzeln
845 2953 961 3005 ecquem
983 2951 1049 2991 vere
1073 2953 1290 2993 commemorare
1308 2953 1407 3008 possu-

231 3005 791 3134 sustinetsustinetsla
844 3008 1406 3135 taetantttttttarithm·

232 3148 301 3204 eben
316 3147 361 3202 die
377 3121 492 3204 saltatio
505 3120 551 3205 iet.
581 3149 618 3204 Zn
633 3149 725 3205 dieser
739 3149 790 3204 Be·
865 3149 922 3205 onii
943 3165 1036 3205 rerum
1059 3153 1204 3221 gestarum
1232 3151 1405 3206 ornamentis

231 3219 357 3290 deutung
375 3237 430 3274 ron
448 3220 549 3274 umbra
571 3219 628 3291 vgl.
647 3221 703 3274 Pis.
722 3226 737 3286 ἓ
756 3227 789 3276 et
844 3163 881 3277 it
891 3219 1012 3277 Aemilio
1021 3222 1125 3278 Scauro
1133 3220 1238 3274 fuisse?
1254 3248 1288 3258 -
1302 3221 1344 3275 ita
1352 3235 1403 3290 pa·
1493 3279 1494 3282 ,

229 3289 344 3344 inanem
357 3291 491 3360 aucupari
500 3307 641 3346 rumorem
655 3293 790 3346 atomnes
845 3294 898 3361 ria,
919 3293 953 3349 de
972 3293 1039 3363 imp.
1055 3289 1152 3360 Pomp.
1169 3296 1184 3345 '1
1203 3293 1304 3359 regnat
1322 3294 1351 3346 et
1364 3291 1407 3346 ita
1493 3325 1494 3366 p

230 3359 343 3416 umbras
369 3362 455 3416 etiam
480 3362 569 3416 falsae
596 3362 702 3432 gloriae
726 3379 791 3418 oon·
843 3367 956 3434 regnat3
986 3369 1019 3419 10
1042 3363 1134 3416 dicam
1153 3361 1211 3416 alio
1233 3362 1296 3417 loco
1315 3362 1404 3417 etita

230 3433 341 3488 sectari.
844 3435 945 3494 dicam.
965 3463 998 3474 -
1018 3434 1076 3500 noe,
1092 3433 1145 3487 wie
1159 3433 1264 3504 benig,
1279 3451 1327 3488 eur
1340 3432 1405 3488 illn-

267 3510 307 3560 14.
328 3503 393 3559 bene
405 3504 493 3570 tabet,
512 3503 573 3558 Liv.
588 3509 613 3572 8,
629 3509 672 3574 35,
686 3508 704 3560 4
716 3504 790 3560 bene
843 3507 954 3575 leitung
980 3506 1028 3576 des
1051 3503 1201 3574 folgenden
1224 3521 1280 3560 acc.
1306 3521 1328 3559 c.
1351 3503 1402 3559 inf.

228 3575 324 3643 habet,
343 3573 444 3644 inquit,
461 3572 591 3640 Quirites.
617 3574 694 3631 Vicit
708 3576 789 3632 disci·
844 3578 915 3644 facis
928 3582 968 3642 nt,
989 3574 1057 3630 ‘bist
1070 3575 1107 3630 du
1122 3575 1167 3632 die
1181 3575 1402 3645 Veranlaesnng,

228 3646 307 3715 plina
320 3644 451 3700 militaris
468 3645 618 3717 (Anhang).
634 3678 667 3688 -
687 3649 789 3715 confes·
844 3647 969 3702 dals'.-
985 3646 1232 3715 Aventinamvon
1246 3648 1295 3702 der
1308 3649 1403 3701 ersten
1492 3693 1493 3708 ,

229 3718 313 3783 sione,
332 3717 387 3772 (lic.
407 3715 487 3788 giebt
506 3717 565 3772 sich
585 3719 634 3772 der
647 3715 790 3790 Hoffnung
845 3717 978 3786 Secessio,
996 3718 1080 3772 deren
1095 3719 1154 3774 Ziel
1171 3719 1244 3774 nach
1262 3719 1326 3772 dem
1345 3720 1402 3771 An·
1492 3783 1493 3790 ἵ

228 3786 288 3857 hin,
305 3787 345 3840 im
358 3789 564 3844 vorstehenden
579 3790 625 3844 die
639 3805 730 3860 gagen
744 3791 789 3845 die
842 3788 963 3844 nalisten
981 3788 1046 3844 Piso
1064 3790 1144 3845 nicht
1158 3789 1207 3844 der
1221 3803 1402 3856 sacermons,
1492 3819 1493 3844 l

229 3858 289 3912 vita
319 3857 450 3914 Murenae
482 3875 533 3915 vor
554 3859 705 3920 ebrachten
732 3860 789 3916 An·
843 3859 963 3916 sondern
974 3861 1023 3914 der
1031 3859 1153 3916 Arentin
1162 3877 1227 3916 war.
1244 3891 1276 3900 -
1292 3861 1402 3929 mnple's·
1492 3885 1493 3910 t

229 3929 451 4010 schuldignngen
466 3879 553 3985 dard

230 3999 395 4070 stichhaltrg
418 4000 551 4056 erwiesen
573 4019 607 4057 nu
626 4002 726 4058 haben.
755 4033 789 4044 -
843 4002 948 4058 wthlte
966 4003 1129 4058 Auadrtlcke
1152 4017 1250 4071 wegen
1274 4002 1323 4056 der
1340 4017 1401 4056 vor·

228 4072 319 4196 nippln
337 4072 406 4196 geht
420 4071 480 4197 pplb
481 4073 597 4128 Murena
610 4073 652 4128 als
667 4073 735 4129 civis
748 4074 789 4159 ipn
844 4073 1026 4145 angehenden
1035 4071 1233 4156 lieneichnung
1247 4073 1402 4196 amplaeep
1492 4099 1493 4104 κ

228 4157 418 4297 diitatleelddm
446 4145 709 4297 igid'eptmttdmdttf,
727 4161 790 4286 gerp
842 4145 1401 4286 tidddddidfgtnjssdddildeeroedttdtdtraatsh

228 4286 390 4356 probiorem
408 4286 564 4350 hommem,
583 4287 730 4342 meliorem
747 4287 788 4342 vi·
843 4287 963 4344 cinereo
977 4285 1402 4356 ausgeaeiohnetenPraturbe·

116 4401 118 4406 ,
228 4375 297 4411 rum.
318 4389 351 4397 -
371 4357 541 4424 defendimus
560 4355 610 4410 ‘ist
628 4372 658 4412 es
675 4357 721 4412 ein
734 4357 789 4413 Eh·
877 4360 980 4414 tndete
989 4357 1124 4414 Aussicht
1137 4357 1187 4412 auf
1198 4359 1249 4413 das
1262 4356 1402 4413 Konsulst

228 4441 371 4497 renmsnn,
390 4429 444 4483 den
462 4427 513 4483 wir
531 4426 728 4498 verteidigen’.
865 4431 931 4485 atte.
946 4459 980 4470 -·-
994 4429 1121 4500 prodam,
1136 4429 1202 4485 ‘deu
1212 4427 1319 4485 Schritt
1330 4428 1401 4482 nur’.
1491 4497 1492 4504 ἵ

554 3946 640 4001 egner
653 3929 695 3986 als
709 3931 790 3987 nicht
842 3933 909 3986 sime
926 3937 951 3986 et
964 3933 1154 3997 honestissime,
1173 3929 1340 3986 absichtlich
1354 3947 1401 4000 ga·
