3026 4812
199 178 243 244 60
589 179 625 234 Μ.
645 177 766 234 TULLII
786 177 978 235 CICERONIS

198 364 264 408 non
294 343 398 408 solum
429 342 603 408 minuenda
631 364 696 407 non
727 344 804 406 sunt
833 340 967 428 auxilia,
998 363 1080 426 quae
1110 342 1279 427 habemus,
1310 343 1369 408 scd

200 431 298 496 etiam
320 453 415 515 nova,
438 432 465 496 si
490 431 562 496 fieri
584 431 697 515 possit,
720 430 947 515 comparanda.
990 430 1096 498 hostis
1120 434 1170 496 est
1193 430 1279 496 enim
1301 453 1373 497 non

199 520 285 605 apud
304 519 473 605 Anienem,
496 519 581 604 quod
604 519 688 584 bello
707 518 830 584 Punico
853 519 1082 604 gravissimum
1102 520 1208 584 visum
1230 522 1289 605 est,
1312 521 1374 586 sed

199 609 234 673 in
256 609 347 694 urbe,
371 610 406 673 in
428 609 500 673 foro
523 645 568 656 -·-
591 608 624 673 di
646 607 860 674 immortales!
890 609 960 673 sine
984 609 1108 694 gemitu
1131 609 1193 673 hoc
1216 607 1280 674 dici
1302 631 1374 676 non

198 700 309 782 potest
333 722 388 781 -3
420 719 488 762 non
514 718 609 762 nemo
638 697 734 761 etiam
762 697 796 761 in
823 697 880 761 illo
908 695 1049 762 sacrario
1075 697 1307 782 reipublicae,
1336 698 1374 762 in

198 785 280 870 ipsa,
302 786 449 870 inquam,
477 786 566 850 curia
587 807 654 850 non
676 806 771 850 nemo
794 785 899 850 hostis
923 789 982 850 est.
1028 785 1060 849 di
1081 785 1196 870 faxint,
1219 788 1256 850 ut
1279 807 1374 851 meua

200 876 347 960 conlega,
374 875 423 939 vir
450 873 661 959 fortissimus,
691 875 752 940 hoc
780 871 939 940 Catilinae
968 873 1128 939 nefarium
1160 873 1374 939 latrocinium

200 967 343 1028 armatus
372 963 546 1047 opprimat,
574 984 634 1048 ego
658 965 805 1048 togatus,
832 963 923 1028 vobis
954 963 1110 1048 bonisque
1137 963 1287 1028 omnibus
1317 964 1375 1028 ad-

199 1051 369 1137 iutoribus,
391 1052 462 1135 hoc,
485 1052 570 1135 quod
589 1055 779 1136 conceptum
801 1051 1001 1136 respublica
1023 1052 1202 1136 periculum
1220 1053 1373 1137 parturit,

159 1140 337 1205 ssaonsilio
365 1127 548 1206 disdutiam·
566 1144 600 1204 et
627 1139 851 1224 comprimam!
899 1140 954 1205 sed
982 1141 1059 1225 quid
1085 1139 1217 1205 tandem
1245 1140 1314 1225 fiet,
1344 1141 1375 1206 si

201 1229 281 1294 haec
305 1230 417 1313 elapsa
441 1228 478 1293 de
502 1229 651 1295 manibus
675 1229 796 1295 nostris
819 1229 854 1293 in
878 1250 952 1293 eum
977 1251 1105 1312 annum,
1128 1230 1184 1314 qui
1207 1230 1375 1315 consequi·

202 1320 266 1401 tur,
288 1317 517 1383 redundarint?
554 1327 636 1382 unus
656 1318 718 1404 erit
737 1319 851 1382 consul
874 1322 907 1382 et
923 1317 953 1383 is
971 1339 1038 1382 non
1060 1319 1096 1382 in
1114 1318 1373 1384 administrando

200 1406 300 1491 bello,
336 1407 391 1472 sed
419 1407 454 1471 in
483 1405 670 1471 sufficiendo
701 1406 835 1489 conlega
863 1410 1047 1490 occupatus.
1097 1406 1183 1471 hunc
1210 1407 1289 1490 iam,
1316 1407 1375 1492 qui

98 1554 100 1558 ,
202 1495 390 1579 impedituri
415 1496 490 1579 sint,
513 1493 533 1534 *
551 1495 575 1534 *·
592 1495 651 1559 illa
668 1495 769 1579 pestis
788 1495 951 1580 immanis,
974 1517 1089 1560 manus
1107 1495 1295 1579 importuna
1314 1493 1375 1561 Ca·

200 1583 313 1648 tilinae
342 1587 548 1667 prorumpet,
579 1605 661 1667 quae
684 1584 805 1668 populo
828 1582 975 1649 Romano
999 1585 1125 1649 ruinam
1153 1585 1310 1668 minatum
1339 1584 1376 1649 in

201 1693 297 1757 agros
316 1672 518 1737 suburbanos
537 1676 669 1757 repente
687 1672 864 1756 advolabit3
887 1671 1069 1738 versabitur
1086 1673 1121 1738 in
1140 1673 1255 1736 rostris
1274 1672 1376 1758 furor,

200 1761 233 1825 in
254 1761 342 1825 curia
360 1761 467 1842 timor,
490 1761 524 1825 in
541 1761 614 1826 foro
634 1761 827 1845 coniuratio,
849 1761 882 1824 in
903 1782 1016 1844 campo
1040 1761 1206 1845 exercitus,
1228 1761 1264 1826 in
1283 1762 1372 1846 egris

198 1849 352 1929 vastitas3
377 1849 464 1914 omni
488 1853 595 1914 autem
618 1848 748 1914 insede
772 1870 809 1913 ac
827 1849 898 1915 loco
921 1849 1042 1914 ferrum
1060 1849 1289 1934 flammamque
1308 1872 1368 1915 me·

171 1953 173 1958 '
199 1941 335 2022 tuomus,
359 1959 441 2022 quae
468 1937 612 2003 iamdiu
636 1929 878 2022 comparantur:
907 1938 1019 2002 eadem
1041 1939 1106 2004 ista
1129 1939 1246 2023 omnia,
1270 1939 1299 2003 si
1322 1961 1375 2004 or-

145 2091 184 2147 40
197 2029 275 2091 natu
303 2027 369 2092 suis
397 2027 567 2111 praesidiis
598 2027 659 2091 erit
685 2048 736 2091 res
764 2027 909 2112 publica,
936 2027 1030 2092 facile
1061 2029 1093 2091 et
1121 2028 1373 2112 magistratuum

159 2166 186 2206 86
201 2115 345 2180 consiliis
378 2120 411 2180 ct
440 2117 642 2200 privatorum
672 2115 842 2200 diligentia
874 2116 1133 2200 comprimentur.
1185 2136 1266 2199 quae
1300 2139 1374 2181 curn

200 2204 248 2268 ita
278 2205 356 2289 sint,
385 2204 521 2289 iudices,
550 2205 691 2290 primum
719 2205 765 2268 rei
793 2205 943 2289 publicae
971 2225 1082 2288 causa,
1113 2205 1294 2288 quanulla
1321 2226 1373 2270 res
1413 2267 1415 2272 .

146 2324 148 2328 ·
200 2291 348 2378 cuiquam
376 2293 485 2377 potior
512 2293 608 2357 debet
630 2314 713 2377 esse,
736 2315 794 2358 vos
818 2314 877 2376 pro
901 2314 973 2357 mea
996 2314 1123 2358 summa
1152 2297 1185 2358 ct
1206 2293 1298 2358 vobis
1322 2295 1373 2358 co

201 2381 293 2466 gnita
311 2382 399 2446 inre
417 2381 549 2466 publica
569 2381 746 2466 diligentia,
769 2401 895 2463 moneo,
918 2402 976 2465 pro
996 2382 1190 2450 auctoritate
1208 2383 1374 2447 consulari

199 2471 321 2555 hortor,
344 2492 404 2556 pro
428 2470 657 2555 magnitudine·
677 2470 812 2554 periculi
835 2470 990 2553 obtestor,
1013 2474 1050 2535 ut
1070 2471 1147 2555 otio,
1171 2474 1209 2536 ut
1231 2471 1313 2554 paci,
1335 2473 1374 2536 ut

200 2559 309 2644 saluti,
331 2563 368 2622 ut
391 2559 477 2623 vitae
500 2561 628 2624 vestrae
652 2562 685 2622 et
708 2562 886 2624 ceterorum
906 2559 1025 2623 civium
1040 2560 1233 2643 consulatis3
1258 2559 1372 2623 deinde

200 2666 260 2732 ego
285 2647 370 2712 idem
394 2669 452 2712 vos
482 2647 659 2711 defensoris
688 2650 721 2712 et
748 2646 844 2713 amici
871 2647 978 2713 officio
1003 2647 1158 2713 adductus
1186 2669 1245 2712 oro
1274 2649 1372 2732 atque

200 2784 266 2840 Fusa
285 2784 401 2842 fassen’.
429 2785 511 2841 Diese
525 2785 691 2856 Bedeutung
704 2803 760 2841 von
813 2785 908 2840 deke
928 2791 1045 2856 erganae
1064 2801 1131 2840 man
1144 2803 1281 2856 nusquam
1294 2802 1370 2855 repc-

200 2856 330 2912 resistere
348 2857 386 2912 ist
405 2858 501 2926 selben,
521 2856 578 2926 vgl.
598 2856 666 2918 llnn.
686 2857 759 2912 Anu.
812 2860 928 2913 riantur.
947 2887 981 2898 -
1004 2873 1104 2912 mamus
1121 2858 1294 2927 importuna,
1311 2859 1370 2927 vgl.

198 2928 220 2997 Ι,
240 2933 274 2982 39
293 2926 329 2983 Μ.
348 2929 413 2999 post
432 2929 568 2984 exfluvio
588 2929 699 2984 fortuna
717 2945 758 2983 re·
813 2928 884 2983 Soet.
913 2933 928 2993 5
951 2933 986 2982 42
1015 2926 1153 2984 Catilinae
1180 2929 1372 2999 importunam

199 3001 275 3054 sistet
289 3025 323 3045 =
336 2998 509 3055 restituetur.
530 3030 564 3040 -
583 3001 661 3069 apud
673 2999 759 3054 Am'e·
813 3015 936 3053 manum.
953 3029 985 3039 -
1003 3004 1171 3069 prorumpet,
1186 3017 1236 3054 ans
1250 2999 1304 3053 den
1318 2997 1371 3054 Ge·

198 3087 267 3137 nem,
287 3071 329 3124 als
347 3071 488 3126 Hannibal
506 3087 556 3125 vor
569 3071 642 3125 Rom
659 3069 758 3125 ruckte
812 3069 995 3139 birgsp'assen,
1009 3070 1058 3125 der
1076 3069 1268 3140 Appenninen.
1289 3101 1323 3111 —
1341 3071 1374 3124 im

199 3145 260 3196 211ss
281 3172 314 3182 -
337 3158 385 3211 epa
403 3173 437 3183 -
455 3143 638 3211 comprimam.
674 3137 758 3196 Diese
811 3143 909 3199 rostra
928 3171 961 3182 --
980 3143 1118 3208 incuria,
1136 3140 1192 3210 vgl.
1213 3139 1287 3196 Cael.
1306 3146 1372 3206 559

199 3212 298 3266 Warte
322 3212 421 3267 durfen
444 3211 523 3267 nicht
547 3228 602 3267 von
622 3210 651 3265 di
669 3211 760 3267 faxint
812 3211 897 3266 tertio
910 3212 955 3266 die
969 3216 1034 3282 post
1047 3229 1132 3281 quam
1146 3211 1177 3264 in
1186 3213 1275 3277 amia,
1288 3227 1373 3280 quam

200 3280 344 3352 abhbngig
375 3284 507 3354 gemacht
538 3282 657 3337 werden.
702 3281 759 3336 Der
812 3283 844 3337 m
861 3284 967 3350 rostris,
991 3299 1075 3352 qnam
1094 3282 1124 3336 in
1142 3298 1172 3336 re
1190 3281 1305 3352 publica
1323 3282 1371 3338 flo-

201 3353 270 3408 Sinn
287 3354 338 3408 ista
357 3353 469 3408 deheim
483 3353 574 3408 werde
587 3351 635 3408 ich
649 3369 758 3424 sargan,
811 3353 925 3422 ruisset;
945 3353 1004 3409 Cat.
1015 3353 1050 3407 M.
1062 3357 1077 3418 5
1088 3358 1121 3408 ³2
1136 3370 1192 3409 non
1207 3354 1287 3409 caria
1299 3353 1372 3408 vires

200 3429 304 3494 magen
319 3423 368 3478 >die
383 3424 483 3480 thter
501 3443 554 3478 nur
571 3424 625 3478 mit
636 3424 759 3479 meinem
811 3441 889 3480 meas
916 3424 1068 3491 desiderat,
1101 3439 1157 3478 non
1184 3430 1289 3494 rostra,
1316 3440 1372 3479 non

200 3497 419 3565 Amtsgencssen
445 3495 486 3549 im
512 3493 598 3550 Xelde
627 3495 695 3552 sein.
723 3526 758 3537 -
812 3495 905 3566 amici,
919 3495 1108 3562 ronchantes,
1122 3494 1323 3566 nonbospitas.
1338 3525 1371 3536 --

202 3567 378 3622 lamaciaima
398 3565 651 3637 ‘Banditenlrrieg’.
813 3567 917 3634 formam
941 3568 1142 3636 flammamque,
1167 3566 1245 3622 diese
1268 3566 1371 3622 allitte·

814 3637 940 3693 rierende
959 3637 1141 3707 Verbindung
1157 3638 1196 3692 ist
1214 3637 1304 3692 naban
1323 3637 1372 3692 dar

237 3714 279 3765 85.
302 3711 328 3764 si
341 3740 375 3751 -
388 3708 573 3765 redundarint
592 3707 683 3763 ‘menn
701 3707 760 3762 sich
815 3708 937 3763 anderen
955 3710 1048 3764 caedes
1062 3714 1142 3779 atque
1155 3709 1284 3763 incendia
1298 3706 1370 3778 (Cat.

138 3781 139 3786 ’
202 3779 277 3834 dieue
292 3779 430 3835 Znsttnda
444 3777 759 3834 unserenthdenent·
813 3779 853 3833 Ill
875 3782 954 3848 515)
982 3779 1032 3833 das
1060 3778 1235 3848 Sohlagwort
1262 3775 1371 3834 Ciceros

202 3850 299 3904 richen
316 3853 374 3906 and
387 3853 417 3907 in
430 3851 480 3906 das
492 3851 610 3906 ntohste
624 3849 694 3904 Jahr
706 3849 761 3905 mit
812 3849 858 3904 far
876 3849 921 3905 die
939 3850 1201 3905 verbrechen'schan
1219 3849 1307 3904 Pltne
1322 3848 1371 3904 Ca·

200 3919 434 3992 hindbergehen'.
462 3922 520 3978 Das
538 3921 608 3977 wird
626 3919 694 3975 aber
711 3937 759 3990 ge·
813 3919 922 3986 tih'nas3
948 3921 1004 3992 vgl.
1029 3921 1123 3976 Cata
1148 3925 1197 3987 51
1221 3919 1370 3975 Catilinam

202 3991 336 4060 nebahan,
364 4010 446 4048 wann
472 3991 588 4048 Murena
615 3993 762 4047 verurteilt
815 3991 974 4049 ...vobis
1003 3995 1089 4061 atque
1116 3991 1182 4046 huic
1208 3991 1271 4047 urbi
1298 3991 1371 4046 ferro

200 4061 279 4120 wind.
307 4064 365 4118 Der
383 4063 539 4132 chensatn
557 4064 627 4119 dana
644 4064 684 4117 ist
700 4065 759 4118 ent·
813 4063 981 4132 flammaque
999 4063 1185 4119 minitantem.
1204 4092 1237 4102 -
1257 4064 1324 4132 mia,
1341 4061 1370 4116 in

200 4133 300 4188 halben
316 4135 346 4189 in
360 4132 384 4188 si
398 4136 498 4190 ornata
515 4152 541 4190 u.
555 4153 576 4190 s.
592 4152 625 4191 w.
644 4163 681 4176 -
698 4149 759 4188 aaa·
814 4133 863 4189 dar
881 4134 1048 4204 Bedeutung
1065 4133 1118 4188 wie
1136 4139 1151 4201 5
1170 4139 1213 4188 49.

201 4207 335 4276 sepattm3
359 4205 484 4275 sequitur
506 4210 580 4260 utre
602 4205 632 4259 in
654 4203 759 4259 diesem
848 4203 965 4272 XXXX,
984 4211 1026 4262 86.
1061 4205 1137 4276 Quae
1159 4221 1221 4260 cam
1243 4207 1285 4260 ata
1307 4205 1370 4274 aiat,

202 4275 287 4332 Sinna
305 4277 385 4332 nicht
404 4275 637 4332 Ciceronianisch.
657 4305 693 4316 -
710 4277 759 4330 im·
812 4275 874 4331 hier
893 4274 1011 4346 beginnt
1025 4275 1070 4331 die
1084 4292 1143 4349 sog.
1159 4275 1366 4332 Commisaratia.

197 4349 323 4417 pedicari
344 4349 417 4417 aar,
441 4364 492 4402 nur
514 4345 684 4416 Ansftillung
709 4347 760 4402 der
814 4375 847 4388 -
862 4363 910 4403 oro
928 4352 1009 4416 atquc
1026 4348 1143 4415 obseura,
1159 4348 1283 4404 beliebte
1296 4345 1370 4405 allit-
1391 4367 1394 4371 ·
