3026 4812
187 557 206 611 ὅ

185 632 210 670 11

186 1752 212 1790 12

224 233 266 298 12
343 229 346 236 ’
617 231 653 286 Μ.
672 229 792 286 TULLII
811 229 1000 286 CICERONIS

222 398 328 480 rabor,
351 400 388 461 ut
410 395 610 462 meminerim
634 417 686 461 me
710 397 824 459 contra
843 394 940 460 amici
959 393 1100 461 studium
1119 417 1178 481 pro
1199 395 1294 462 amici
1312 397 1394 481 peri·

224 488 297 553 culo
321 485 434 552 dicere.
912 551 916 562 ,
1086 503 1088 510 ’
1333 507 1334 510 ’

313 567 483 660 Intellego,
505 573 637 657 iudices,
658 576 726 638 tres
750 573 851 638 totius
875 574 1091 640 accusationis
1114 578 1222 658 partes
1241 574 1342 640 fuisse
1362 578 1395 639 et

224 686 334 729 earum
362 686 459 729 unam
488 663 522 727 in
549 661 799 746 reprehensione
826 661 927 745 vitae,
957 664 1094 728 alteram
1121 664 1156 728 in
1188 664 1395 728 contentione

224 753 405 840 dignitatis,
426 751 559 817 tertiam
581 752 615 817 in
634 751 822 816 criminibus
841 752 981 817 ambitus
1002 773 1072 818 esse
1089 755 1261 818 versatam.
1299 754 1395 837 atque

223 843 339 908 harum
372 842 472 906 trium
500 840 642 925 partium
673 840 780 923 prima
811 839 884 920 illa,
917 863 1000 925 quae
1033 841 1228 926 gravissima
1257 840 1396 906 debebat

224 953 307 1014 esse,
339 930 389 994 ita
405 929 484 994 'fuit
515 929 645 994 infirma
672 933 706 994 et
732 929 826 1010 levis,
858 933 896 994 ut
922 931 997 995 illos
1024 931 1077 994 lex
1104 931 1209 1016 magis
1238 931 1396 1015 quaedam

225 1019 427 1085 accusatoria
456 1041 553 1104 quam
580 1039 657 1083 vera
685 1018 921 1091 maledicendi
947 1019 1088 1085 facultas
1117 1019 1155 1084 de
1178 1019 1247 1084 vita
1269 1018 1304 1083 L.
1326 1018 1396 1084 Mu·

225 1129 322 1173 ranae
347 1108 449 1172 dicere
474 1106 595 1192 aliquid
620 1107 775 1192 coegerit:
798 1107 925 1172 obiecta
948 1111 998 1172 est
1022 1109 1107 1171 enim
1131 1107 1224 1173 Asia:
1249 1129 1331 1192 quae
1355 1108 1396 1172 ab

224 1198 286 1263 hoc
308 1218 375 1261 non
399 1197 439 1262 ad
461 1197 666 1281 voluptatem
689 1200 721 1274 et
743 1196 903 1262 luxuriam
931 1198 1074 1282 expetita
1096 1201 1156 1279 est,
1179 1195 1289 1261 sedin
1312 1196 1396 1261 mili·

224 1286 288 1351 tari
311 1285 422 1352 labore
445 1289 636 1371 peragrata3
660 1285 717 1369 qui
740 1284 768 1350 si
791 1285 978 1350 adulescens
1001 1288 1096 1369 patre
1120 1307 1179 1350 suo
1201 1285 1397 1372 imperatore

225 1397 291 1441 non
311 1375 498 1457 meruisset,
529 1378 585 1439 aut
611 1374 740 1440 hostem
768 1377 825 1439 aut
848 1375 951 1458 patris
974 1373 1145 1459 imperium
1167 1374 1317 1439 timuisse
1339 1377 1398 1440 aut
1433 1413 1435 1420 ι

226 1467 418 1548 aparenter
440 1463 628 1546 repudiatus
652 1485 723 1529 esse
746 1462 923 1528 videretur:
953 1485 996 1527 an
1019 1485 1091 1528 cum
1115 1462 1226 1528 sedere
1248 1463 1284 1527 in
1306 1463 1397 1547 equis

225 1552 501 1638 triumphantium
524 1553 721 1634 praetextati
743 1552 950 1636 potissimum
973 1552 1033 1616 filii
1052 1551 1189 1636 soleant,
1211 1552 1287 1617 huic
1305 1553 1397 1618 donis

225 1641 424 1706 militaribus
443 1641 546 1727 patris
565 1640 767 1725 triumphum
782 1640 933 1706 decorare
951 1641 1142 1725 fugiendum
1160 1641 1232 1725 fuit,
1251 1644 1288 1726 ut
1301 1641 1397 1706 rebus

227 1730 441 1795 communiter
470 1731 571 1814 gestis
598 1750 702 1814 paene
731 1729 828 1794 simul
851 1751 923 1794 curn
946 1734 1039 1815 patre
1062 1729 1300 1814 triumpharet?
1345 1729 1398 1795 hic

224 1841 315 1904 vero,
343 1818 480 1901 iudices,
509 1822 542 1884 et
563 1818 627 1884 fuit
648 1818 684 1882 in
707 1818 788 1883 Asia
811 1821 844 1883 et
866 1818 935 1885 viro
958 1819 1153 1902 fortissimo,
1180 1819 1307 1903 parenti
1331 1840 1400 1902 suo,

225 1928 347 1993 magno
367 1908 552 1972 adiumento
566 1906 601 1973 in
615 1907 776 1992 periculis,
800 1908 923 1972 solacio
941 1909 977 1972 in
989 1907 1167 1991 laboribus,
1186 1908 1397 1993 gratulationi

228 1998 263 2062 in
286 1997 424 2062 victoria
447 1997 518 2063 fuit
552 1999 587 2081 et
610 1998 638 2062 si
660 1996 761 2061 habet
784 1995 866 2061 Asia
889 1996 1107 2081 suspicionem
1130 1996 1275 2062 luxuriae
1299 2018 1398 2080 quan·

226 2087 315 2171 dam,
342 2107 409 2151 non
436 2085 551 2150 Asiam
579 2107 756 2170 numquam
782 2086 917 2165 vidisse,
947 2084 1063 2151 sedin
1087 2083 1169 2150 Asia
1198 2086 1402 2152 continenter

225 2175 347 2240 vixisse
361 2174 560 2239 laudandum
579 2178 638 2239 est.
676 2197 773 2259 quarn
793 2175 834 2240 ob
853 2196 920 2238 rem
933 2196 1000 2252 non
1015 2172 1113 2238 Asiae
1127 2195 1245 2239 nomen
1261 2175 1400 2240 obicien-

227 2264 305 2329 dum
318 2262 472 2329 Murenae
490 2262 562 2348 fuit,
581 2285 620 2328 ex
640 2285 705 2348 qua
723 2264 793 2328 laus
811 2262 963 2343 familiae,
984 2263 1141 2328 memoria
1156 2263 1277 2347 generi,
1295 2263 1399 2330 honos

226 2421 341 2492 leigung
354 2419 478 2476 laisten‘.
489 2451 522 2460 -
533 2421 655 2476 audiam
667 2419 788 2475 ‘Bestre-
842 2420 964 2474 wiesene
977 2394 1209 2488 Notwemliglrsit
1223 2418 1314 2474 ssiner
1328 2419 1402 2475 Tail-

181 2549 182 2554 1
226 2492 333 2563 bung';‘
349 2492 473 2562 gemeint
490 2491 529 2546 ist
547 2492 593 2547 (lie
611 2490 761 2546 accusatio.
842 2490 1401 2560 nahmeamFeldauge.—scolere-prae·

261 2562 296 2631 V,
312 2569 353 2617 11.
373 2579 467 2630 mam,
481 2564 604 2630 alteram,
618 2563 737 2628 tortium,
756 2579 791 2617 so
841 2563 953 2630 tractati,
972 2561 1096 2617 kleinere
1115 2561 1221 2617 Kinder
1239 2560 1331 2616 cassen
1350 2561 1400 2618 da-

227 2634 273 2690 bei
291 2633 518 2704 Amsahlungen
538 2640 553 2699 5
572 2639 620 2699 3ος
640 2638 682 2688 37,
720 2632 787 2688 Dias
842 2649 933 2703 gegen
951 2633 1005 2688 mit
1018 2633 1069 2688 auf
1080 2633 1144 2688 dem
1158 2631 1401 2703 Triumphwagen.

225 2706 266 2760 ist
287 2705 332 2759 die
358 2721 416 2773 sog.
440 2704 571 2760 Partitis.
608 2705 661 2759 Die
685 2703 787 2764 confu-
842 2705 1056 2775 —fapieadam
1069 2702 1166 2773 fugere
1180 2703 1234 2756 mit
1242 2703 1300 2772 inf,
1316 2705 1350 2758 de
1362 2719 1400 2758 or.

226 2776 298 2831 tatio
313 2774 787 2845 (511—83)zerftlltdarhnlrlage
842 2781 939 2842 3,153.
958 2792 1001 2846 ep.
1012 2775 1073 2829 Att.
1084 2780 1126 2841 10,
1136 2781 1161 2842 8,
1172 2780 1197 2842 5,
1210 2775 1402 2830 sonstdichte·

227 2846 432 2917 entsprechend
456 2846 485 2901 in
504 2846 565 2910 drei
583 2845 676 2914 Taile,
703 2847 788 2902 deren
841 2846 925 2902 risch.
941 2877 973 2886 -
988 2846 1068 2901 donis
1082 2847 1259 2915 militaribus,
1274 2845 1352 2902 Caes.
1368 2846 1402 2901 de

216 2919 315 2974 'erutor
324 2921 475 2988 (511-14)
488 2917 548 2972 sich
558 2917 611 2973 mit
620 2919 670 2973 der
679 2917 789 2973 Wider·
842 2910 907 2972 bell.
932 2916 984 2971 cir.
1009 2923 1038 2985 8,
1063 2921 1097 2971 53
1122 2915 1400 2988 cohortemque...

226 2989 332 3113 legung
361 2990 411 3044 der
437 2987 616 3058 reprehensio
641 2990 718 3045 vitae
741 2990 789 3045 be·
835 2987 1011 3058 pecuniariis
1052 2987 1276 3058 militaribusque
1322 2987 1402 3054 donis

228 3078 257 3116 sc
279 3058 789 3131 tftigt(hnhang).—ceateatioacdi-
843 3057 1015 3129 amplissime
1029 3059 1248 3124 donavit—at,
1263 3057 1401 3113 auldeco-

226 3133 343 3254 peitatis
358 3129 580 3202 ‘Vergleichuug
594 3130 644 3186 dar
657 3131 789 3200 Wtrdig-
843 3145 905 3184 rare
925 3148 958 3183 au
976 3130 1124 3198 baziehen,
1147 3130 1189 3183 ita
1211 3129 1401 3183 decorarent

249 3202 309 3257 eit’.
329 3233 363 3242 —
381 3203 444 3257 illos
458 3203 577 3258 st'istos
591 3218 657 3256 vom
671 3201 789 3272 (legner,
880 3207 923 3256 12.
941 3202 986 3257 bic
1003 3220 1030 3258 u.
1046 3218 1067 3257 s.
1081 3219 1116 3256 w.
1152 3199 1194 3268 Ja,
1212 3198 1261 3252 Ihr
1278 3199 1403 3270 Richter,

230 3273 295 3327 weil
309 3272 366 3329 Cio.
385 3273 444 3327 sich
459 3272 551 3328 direlrt
565 3289 601 3327 an
616 3273 661 3327 dis
675 3271 791 3328 Richter
844 3288 874 3326 er
883 3273 978 3327 warin
987 3271 1082 3327 Anien.
1093 3301 1127 3312 -
1136 3270 1278 3338 la'cstebt,¹
1289 3270 1402 3326 (lavero

231 3344 350 3398 wendet.
369 3372 416 3404 ,-
448 3345 491 3399 lex
521 3344 708 3410 comatoria,
734 3360 790 3398 ron
843 3360 913 3412 gem
940 3344 986 3400 ein
1008 3344 1165 3398 Pronomsn
1191 3341 1238 3395 bei
1266 3341 1326 3395 sich
1351 3343 1402 3396 hat

231 3414 321 3470 dieser
339 3432 401 3468 anm
419 3414 520 3470 Gesetz
537 3415 722 3484 gewordenen
736 3413 789 3469 Ge·
843 3413 1268 3485 (Anhang).—gratalaticaiia
1276 3414 1402 3480 uictsac't

230 3486 376 3548 uohuheit
390 3488 439 3540 der
452 3485 597 3555 Ankltger
611 3485 717 3556 spricht
731 3485 788 3542 Cio.
843 3512 877 3532 =
896 3486 1003 3555 primus
1031 3487 1060 3539 et
1082 3482 1228 3538 verissime
1252 3501 1286 3538 ex
1308 3484 1401 3538 animo

230 3558 302 3613 auch
325 3557 407 3612 Raso.
432 3555 491 3610 Am.
517 3557 642 3622 §88fin
671 3573 789 3626 quornm
842 3557 1000 3626 gratulatus
1024 3557 1075 3622 est.
1113 3552 1403 3621 occallescere

185 3675 193 3700 ,
230 3631 262 3684 tu
279 3628 403 3683 nihilne
423 3627 563 3682 obiciendi
577 3628 690 3709 quidem
705 3645 790 3682 causa
843 3630 913 3696 orat,
932 3629 964 3682 ut
981 3625 1063 3696 patri¹
1075 3643 1125 3681 suo
1138 3626 1277 3752 gratulari
1295 3625 1401 3694 sinatis,

231 3698 517 3768 contulisti-Asia,
526 3697 640 3754 Tacitus
649 3697 689 3752 im
697 3699 789 3769 Agris.
844 3699 929 3753 ntml.
941 3717 988 3752 aur
997 3698 1142 3768 Rreisprec
1162 3715 1228 3768 ung.
1246 3696 1299 3752 Die
1310 3696 1401 3768 cigen-

232 3787 253 3825 c.
268 3776 285 3825 6
303 3771 391 3825 neunt
408 3771 453 3825 (lie
468 3769 585 3826 Provina
604 3769 682 3824 dives
696 3785 729 3824 ac
743 3787 791 3839 pa·
844 3769 981 3825 tumliche
995 3768 1053 3824 und
1066 3785 1119 3823 nur
1132 3770 1193 3823 hier
1204 3767 1264 3822 sich
1273 3768 1402 3822 findenda

231 3839 789 3912 ratapeccantibue.-qaaaadversatiu
844 3841 996 3910 Wendung
1026 3841 1065 3895 ist
1096 3840 1183 3895 durch
1215 3838 1260 3894 die
1292 3855 1402 3894 vorsus·

232 3912 308 3966 -ia
325 3914 441 3967 militari
459 3914 551 3968 labore
570 3912 663 3967 ‘unter
680 3910 789 3981 kriegs·
844 3912 992 3982 gehenden
1010 3911 1112 3966 Dative
1136 3911 1297 3965 adiumento
1309 3927 1401 3966 ...so-

230 3981 601 4053 riecherAnstrengung’.-
610 3985 796 4050 aa-trisam
843 3983 916 4038 lacio
926 3982 1152 4053 hervorgerufen.
1168 4012 1201 4022 -
1214 3982 1295 4049 babet
1309 4012 1345 4022 -
1359 3998 1402 4036 sa·-

227 4054 341 4124 ploret,
364 4058 559 4124 argumentum
577 4071 610 4109 ex
629 4055 789 4122 contrariis3
843 4055 1004 4123 speciosam,
1025 4054 1074 4112 iim
1093 4051 1237 4106 Vardaeht
1254 4052 1350 4107 steht’.
1370 4083 1402 4092 -

232 4125 282 4179 der
299 4127 373 4180 erste
391 4125 444 4178 mit
458 4142 521 4180 cum
535 4126 711 4195 anfangeude
726 4125 790 4181 Sata
843 4127 929 4182 Asiae
941 4141 1052 4192 amaea,
1069 4124 1098 4178 iu
1112 4122 1191 4180 Verr.
1205 4121 1239 4190 V,
1254 4127 1270 4176 2
1290 4123 1327 4178 ad
1345 4139 1403 4179 om·

230 4195 311 4252 htttte
333 4196 418 4252 auch*
433 4196 474 4251 als
503 4195 734 4267 selbststandiger
760 4196 790 4251 in
843 4213 893 4251 nes
908 4196 981 4251 enim
996 4211 1075 4250 meos
1085 4194 1206 4264 impetus
1216 4193 1296 4262 quasi
1307 4193 1401 4248 murus

231 4267 277 4322 die
306 4267 397 4338 Frage
428 4266 650 4336 hineingezogen
677 4266 790 4322 werden
843 4266 959 4336 quidam
972 4265 1041 4321 boni
1055 4281 1155 4320 nomen
1168 4265 1402 4334 imperatorisop-

231 4338 356 4406 hbnnen3
384 4355 423 4394 ua
449 4338 528 4393 ‘oder
556 4338 639 4394 etwa’
666 4337 790 4393 schlielst
863 4337 966 4393 unitur.
986 4368 1020 4376 —
1038 4337 1163 4403 familiae
1177 4366 1211 4376 -
1225 4337 1340 4402 aomiai,
1352 4352 1403 4404 pro

233 4407 293 4498 sich
316 4427 353 4466 sn
376 4409 421 4465 (lie
445 4410 533 4464 echon
550 4409 589 4464 im
607 4407 724 4479 rotigen
741 4408 789 4462 be·
842 4357 935 4479 liger.
956 4413 991 4462 20
1013 4423 1106 4477 neque
1130 4407 1204 4464 enim
1221 4407 1304 4462 licuit
1320 4407 1404 4462 aliter
