3026 4812
426 238 499 295 PRO
519 237 550 294 L.
569 236 727 293 MUltllNA
746 236 881 293 ORATIO
900 243 987 292 4-7.
1269 237 1289 303 9

100 440 103 446 -
124 422 185 488 ego
205 404 313 467 autem
331 401 392 466 has
410 404 521 485 partes
535 401 682 466 lenitatis
696 404 729 465 et
742 399 993 484 misericordiae,
1015 422 1094 485 quas
1109 422 1160 465 me
1173 404 1292 466 natura

120 491 193 575 ipsa
215 490 337 569 docuit,
361 511 488 574 semper
511 491 565 574 egi
586 491 740 574 libenter,
767 489 857 555 illam
880 509 956 554 vero
979 489 1150 574 gravitatis
1173 490 1291 555 severi-

121 580 263 664 tatisque
287 599 460 663 personam
483 601 549 645 non
572 578 724 664 adpetivi,
748 578 804 643 sed
828 579 870 643 ab
888 599 924 643 re
942 577 1071 662 publica
1089 577 1170 643 mihi
1187 578 1290 662 impc-

121 668 219 733 sitam
243 668 394 751 sustinui,
417 668 500 733 sicut
521 667 617 733 huius
641 667 772 752 imperii
790 667 933 752 dignitas
952 667 987 730 in
1006 687 1130 732 summo
1147 667 1291 752 periculo

121 757 240 822 civium
258 757 456 841 postulabat
497 757 582 841 quod
601 756 628 821 si
647 760 730 840 tum,
753 778 826 821 cum
843 777 895 820 res
914 755 1045 839 publica
1063 756 1129 820 vim
1148 760 1180 820 et
1204 769 1291 822 sevc-

120 847 254 911 ritatem
276 845 494 924 desiderabat,
521 846 585 910 vici
607 849 759 910 naturam
782 849 815 910 et
837 847 905 910 tam
928 844 1101 909 vehemens
1125 845 1172 909 fui
1194 867 1292 930 quam

10 989 11 992 ,
121 936 273 1021 cogebar,
295 955 362 1000 non
386 956 488 1018 quam·
505 934 665 1018 volebam,
687 955 781 1017 nunc,
804 955 878 998 cum
901 955 1012 998 omnes
1036 953 1088 998 me
1111 955 1227 999 causae
1250 935 1291 999 ad

120 1023 375 1089 misericordiam
404 1027 501 1107 atque
529 1023 570 1088 ad
595 1021 833 1088 humanitatem
856 1025 986 1106 vocent,
1015 1025 1137 1106 quanto
1159 1021 1292 1088 tandem

121 1112 230 1178 studio
263 1113 363 1178 debeo
391 1116 527 1177 naturae
554 1133 645 1177 meae
673 1111 961 1195 consuetudinique
990 1111 1133 1176 servire?
1184 1133 1220 1175 ac
1253 1111 1291 1176 de

121 1200 230 1267 officio
249 1200 445 1266 defensionis
463 1222 555 1266 meae
574 1222 613 1265 ac
631 1201 670 1265 de
684 1201 809 1265 ratione
824 1200 1038 1265 accusationis
1056 1203 1133 1265 tuae
1150 1199 1291 1266 fortasse

121 1291 222 1368 etiam
246 1291 312 1356 alia
334 1290 369 1354 in
392 1293 484 1374 parte
508 1290 666 1356 orationis
689 1289 857 1354 dicendum
881 1289 976 1354 nobis
999 1289 1070 1353 erit.

141 1408 143 1412 ·
211 1377 273 1444 Sed
295 1401 362 1462 me,
389 1378 525 1462 iudices,
552 1400 619 1444 non
641 1378 748 1443 minus
771 1378 911 1442 hominis
940 1376 1172 1461 sapientissimi
1196 1381 1318 1462 atque⁷

124 1467 323 1532 ornatissimi
352 1464 419 1533 Ser.
448 1464 582 1550 Sulpicii
614 1467 804 1552 conquestio
836 1487 933 1551 quam
964 1465 1100 1532 Catonis
1128 1466 1291 1532 accusatio

125 1557 363 1635 commovebat,
394 1555 449 1640 qui
473 1555 664 1638 gravissime
687 1558 720 1620 et
742 1555 947 1622 acerbissime
974 1555 1058 1619 ferre
1081 1563 1115 1620 se
1139 1555 1219 1619 dixit
1241 1577 1293 1619 me

125 1643 361 1710 familiaritatis
393 1644 700 1730 necessitudinisque
736 1645 874 1710 oblitum
911 1643 1043 1709 cause'm
1075 1642 1110 1708 L.
1128 1642 1294 1708 'Murenae

121 1739 235 1799 contra
255 1756 289 1798 se
308 1731 484 1799 defendere.
513 1733 589 1798 huic
608 1754 678 1819 ego,
696 1733 828 1817 iudices,
845 1733 1046 1799 satisfacere
1060 1733 1155 1816 cupio
1170 1753 1292 1817 vosque

122 1821 275 1888 adbibere
295 1823 451 1906 arbitros3
468 1843 545 1888 nam
564 1845 637 1888 cum
656 1841 755 1907 grave
774 1826 824 1887 est
843 1844 915 1887 vere
928 1822 1077 1886 accusari
1091 1822 1125 1886 in
1140 1821 1293 1906 amicitia,

121 1916 201 1994 tum,
225 1913 323 1976 etiam
348 1912 376 1975 si
399 1911 484 1976 falso
508 1911 678 1990 accuseris,
700 1932 768 1976 non
786 1914 837 1976 est
854 1910 1100 1997 neglegendum.
1132 1930 1202 1994 ego,
1226 1908 1292 1976 Ser.

122 1997 256 2083 Sulpici,
288 2021 339 2065 me
367 2000 402 2071 in
430 2000 587 2085 petitione
614 2003 673 2064 tua
699 2000 761 2065 tibi
789 2001 899 2066 omnia
926 1999 1035 2064 studia
1062 1991 1160 2082 atque
1184 1998 1293 2072 officia

120 2109 180 2172 pro
209 2092 323 2154 nostra
349 2089 584 2154 necessitudine
614 2092 647 2154 et
674 2088 823 2153 debuisse
851 2089 1007 2153 confiteor
1034 2092 1067 2153 et
1088 2088 1293 2173 praestitisse

121 2177 276 2243 arbitror:
299 2177 383 2243 nihil
405 2178 470 2242 tibi
491 2177 697 2244 consulatum
720 2178 845 2262 petenti
869 2199 889 2242 a
911 2199 963 2242 me
981 2176 1083 2242 defuit
1101 2176 1188 2261 quod
1207 2181 1294 2242 esset

122 2270 178 2329 aut
201 2267 242 2335 ab
266 2267 370 2332 amico
395 2270 451 2331 aut
474 2288 494 2330 a
512 2267 655 2353 gratioso
676 2273 732 2331 aut
751 2288 770 2330 a
789 2266 919 2332 consule
937 2265 1177 2350 postulandum.
1211 2266 1294 2331 abiit

120 2353 202 2418 illud
228 2358 371 2438 tempus3
398 2358 524 2420 mutata
552 2356 637 2421 ratio
667 2359 732 2420 est:
767 2356 814 2420 sic
843 2355 1006 2440 existimo,
1039 2354 1086 2419 sic
1113 2354 1195 2418 mihi
1222 2376 1293 2438 per-

123 2441 256 2536 suadeo,
284 2465 336 2506 mc
363 2443 426 2508 tibi
455 2447 569 2509 contra
593 2428 753 2510 bonorem
776 2443 813 2510 L.
835 2443 1001 2528 Murenae,
1030 2445 1186 2528 quantum
1214 2448 1251 2508 tu
1274 2466 1294 2508 a

122 2553 173 2600 me
196 2531 363 2615 postulare
386 2554 483 2596 ausus
508 2534 563 2616 sis,
584 2535 713 2598 tantum
733 2533 892 2617 debuisse,
915 2537 1029 2598 contra·
1052 2533 1191 2598 salutem
1210 2531 1293 2598 nihil

121 2621 247 2687 debere.
282 2642 387 2706 neque
405 2621 501 2704 enim,
520 2622 547 2684 si
561 2621 622 2686 tibi
635 2625 716 2707 tum,
735 2643 807 2687 cum
820 2625 947 2708 peteres
962 2623 1175 2706 consulatum,
1194 2621 1319 2708 adluis

121 2777 207 2833 verbo
217 2776 292 2833 cives
300 2778 331 2832 in
340 2776 469 2832 exsilium
478 2777 557 2832 eicio.
568 2807 603 2817 -
617 2778 681 2832 teae'·
736 2782 781 2833 35.
800 2809 835 2819 -
854 2779 981 2845 arbitros,
995 2778 1234 2847 Schiedsmtnner,
1249 2778 1295 2835 die

27 2875 29 2880 v
122 2849 188 2904 totis
206 2853 231 2903 et
248 2849 458 2918 misericordiae,
476 2846 600 2906 dieselbe
614 2848 682 2903 Ver·
736 2848 810 2904 bona
832 2848 887 2904 fide
909 2849 1079 2905 iudicabant
1099 2880 1132 2890 —-
1152 2852 1296 2918 cameris,

121 2919 250 2989 bindung
267 2937 323 2989 pro,
333 2919 412 2974 Sulla
426 2925 450 2987 8,
470 2919 577 2975 welche
592 2919 681 2974 Stella
735 2919 966 2988 gebrauchlicher
992 2921 1030 2976 iat
1051 2921 1098 2975 bei
1122 2921 1219 2976 Cicero
1242 2922 1296 2975 mit
1328 2941 1332 2948 ·

121 2991 281 3061 fiberhaupt
300 3009 334 3044 au
352 2990 401 3045 der
418 2993 551 3060 unsrigen
569 3008 602 3044 au
620 3005 682 3045 ver·
735 2989 1296 3062 Ausnehmedeslndpraes.diellndung

122 3062 255 3187 {psichepl
261 3061 370 3186 teth-il
380 3062 546 3187 ᾱῗαίὒὲζὲη
557 3061 680 3186 ᾱθζΕἷίη·
734 3079 766 3186 pe
780 3061 922 3132 (Anhang)
926 3102 943 3187 ,l
955 3061 1005 3186 dep
1018 3061 1104 3187 Kppq1⁸1
1115 3060 1165 3161 dpr
1178 3063 1295 3160 arpeiten

122 3149 299 3286 scas.
319 3148 353 3243 2
371 3147 683 3286 tacimus}
735 3149 983 3272 „essessa
1003 3149 1295 3287 stamma

124 3274 257 3329 97nob1s
276 3277 369 3330 autem
388 3276 522 3344 mposmt
535 3291 683 3350 personam
735 3276 842 3331 tionem
871 3275 994 3331 civitatis
1023 3293 1046 3330 ar
1074 3276 1189 3346 dinges,
1218 3279 1296 3332 recta

123 3343 305 3414 naturaipsa.
325 3375 359 3386 -—
377 3347 509 3413 sustinect,
523 3344 683 3401 sonstauch
706 3377 710 3384 ·
737 3349 813 3415 sant3
840 3351 874 3401 35
894 3363 978 3417 saepe
994 3387 1000 3400 .
1016 3389 1022 3400 .
1038 3387 1044 3400 .
1059 3346 1091 3402 fit
1114 3347 1191 3401 aliud
1210 3349 1295 3416 etque

123 3429 220 3485 gerere
233 3433 393 3485 personam,
412 3417 447 3471 de
459 3416 504 3472 off.
525 3423 554 3484 1,
574 3421 633 3473 115.
648 3447 682 3458 -
737 3417 914 3473 existimaris.
933 3449 967 3458 -
985 3419 1079 3473 studia
1097 3423 1178 3488 atque
1191 3419 1295 3486 officia,

123 3488 206 3542 tuias
228 3488 351 3556 imperti,
376 3488 435 3546 scil.
459 3487 620 3544 consularis.
649 3519 683 3528 -
737 3493 752 3554 ξ
776 3493 811 3543 415
834 3487 1067 3544 amicissimorum
1095 3489 1189 3544 studia
1210 3491 1295 3556 atque

123 3563 242 3612 acturae
264 3573 338 3612 meae
355 3561 607 3630 consuetudinique,
630 3575 683 3628 pro
736 3558 830 3614 officia
852 3562 1034 3629 praestamus.
1064 3591 1096 3601 -
1124 3579 1143 3614 a
1164 3575 1205 3613 me
1228 3559 1296 3615 ‘von

57 3677 58 3682 ,
124 3627 203 3683 Sulla
212 3634 245 3684 87
260 3627 370 3697 reliqua
382 3627 438 3683 iam
453 3647 524 3685 ame
534 3646 613 3685 meae
622 3645 683 3699 per-
737 3631 848 3698 seiten’,
866 3631 923 3702 rgl.
942 3649 970 3700 p.
985 3632 1044 3686 Mil.
1058 3635 1073 3696 5
1087 3636 1140 3686 100
1153 3629 1229 3698 quod
1242 3629 1296 3685 tibi

123 3702 225 3770 petuas
243 3698 437 3754 consuetudini
449 3703 622 3770 naturaeque
636 3701 683 3756 de·
737 3701 846 3756 nullum
864 3719 883 3756 a
896 3719 936 3757 me
950 3702 1059 3770 amoris,
1077 3701 1187 3755 nullum
1202 3701 1296 3770 studii,

124 3771 232 3826 bentur.
244 3771 550 3842 -oliaa'npurtellap
561 3779 683 3829 taust.
736 3772 845 3826 nullum
863 3771 978 3842 pietatis
996 3771 1118 3826 studium
1137 3772 1238 3839 dessein
1256 3772 1293 3828 ib.

161 3848 185 3899 ⁷.
221 3842 431 3912 cupientissimi,
463 3859 562 3912 wegen
594 3843 684 3898 rainer
737 3843 861 3910 §tibrim
874 3861 902 3913 p.
921 3842 1017 3897 Plane.
1032 3848 1047 3907 5
1063 3847 1104 3898 71,
1123 3872 1157 3882 --
1175 3845 1297 3914 praticae

124 3912 457 3983 Rechtsgelebrsamkeit.
469 3943 502 3953 —
512 3919 684 3984 otqaeorau-
736 3913 776 3968 ist
792 3913 1015 3982 substantiviert,
1033 3913 1127 3982 indam
1141 3930 1171 3968 es
1185 3914 1246 3969 sich
1260 3931 1297 3969 an

124 3984 235 4053 tatami,
250 3999 281 4038 ιο
296 4001 347 4054 pro
363 3983 441 4038 Sulla
456 3989 489 4039 62
503 3984 684 4053 prudentissi·
738 3983 829 4039 amieo
856 3984 914 4038 und
942 3985 1056 4040 consule
1080 3987 1297 4055 angeschlossen

124 4071 200 4108 mum
211 4057 295 4124 atque
305 4054 520 4110 ornatissimum.
532 4086 565 4096 -
577 4058 682 4131 procia-
736 4056 795 4111 hat.
816 4085 847 4096 -
867 4055 1019 4111 abiitiltud
1030 4053 1142 4126 tempta,
1156 4055 1220 4112 Tac.
1230 4055 1296 4112 hist

124 4126 189 4180 sime
207 4131 234 4180 et
246 4127 423 4193 acerbissime,
441 4143 472 4181 eo
486 4141 537 4195 pro
551 4125 651 4182 Flacco
667 4133 681 4181 1
737 4132 762 4193 2,
779 4131 812 4182 76
831 4125 903 4181 abiit
919 4127 977 4182 iam
996 4130 1025 4182 et
1042 4127 1234 4183 transvectum
1253 4129 1297 4182 est

123 4195 153 4250 in
164 4237 169 4251 .
181 4237 188 4252 .
199 4237 207 4254 .
267 4195 383 4252 vissimo
402 4200 486 4267 atque
505 4197 683 4253 acerbissimo
736 4201 854 4267 tempus.
865 4227 897 4238 —
908 4199 1148 4268 ric—permedeq
1159 4200 1193 4252 de
1204 4215 1296 4252 senec·

122 4265 215 4393 peicpu
235 4268 310 4394 liqqq
323 4269 445 4394 rpilnerp.
465 4299 499 4310 -
517 4270 683 4393 satiefolcera
736 4270 798 4394 tuqe
809 4269 899 4396 wadio
911 4267 982 4324 mihi
995 4269 1130 4395 petrsueq,
1146 4268 1294 4394 sipquntpp.
1360 4315 1363 4322 .

124 4355 282 4479 dissitis,
301 4355 338 4464 ii
354 4355 683 4483 iin1'i'ii1iii1idii
737 4357 1081 4482 woldaiiis'idb‘il’
1100 4355 1296 4482 wiiueigiiei
