3026 4812
430 207 500 263 PRO
519 208 549 263 L.
569 207 725 263 MURENA
745 207 879 264 ORATIO
899 213 1021 264 84-88.
1269 210 1308 275 61

143 373 287 455 obsecro,
310 370 439 450 iudices,
462 373 500 436 ut
521 393 562 436 ne
585 370 726 437 hominis
749 371 861 438 miseri
883 375 917 437 et
939 393 1011 438 cum
1035 373 1178 456 eorporis
1197 373 1311 439 morbo

143 465 215 525 tum
235 459 334 525 animi
352 459 461 526 dolore
481 459 633 545 coniecti,
645 459 680 525 L.
698 459 862 545 Murenae,
880 465 1040 526 recentem
1060 462 1312 547 gratulationem

141 571 227 614 nova
259 549 490 614 lamentatione
518 549 671 615 obruatis.
721 549 817 615 modo
848 549 989 616 maximo
1016 549 1172 617 beneficio
1199 551 1313 640 populi

141 636 282 702 Romani
310 641 445 702 ornatus
473 637 657 703 fortunatus
684 637 866 721 videbatur,
895 638 980 722 quod
996 639 1132 722 ¹primus
1160 639 1195 703 in
1217 639 1313 706 fami·

142 727 221 791 liam
242 730 398 810 veterem,
428 727 550 810 primus
577 726 613 792 in
639 726 850 811 municipium
877 727 1137 813 antiquissimum
1167 729 1313 792 consula·

140 819 212 880 tum
231 815 406 885 attulisset:
429 836 515 880 nune
532 815 618 880 idem
638 815 787 899 squalore
811 819 844 880 et
862 816 1009 881 sordibus
1030 814 1196 882 confectus
1218 816 1313 884 lacri-

141 905 203 968 mis
227 925 264 968 ac
287 925 431 969 maerore
455 903 613 988 perditus,
635 909 742 968 vester
765 908 815 969 est
837 904 987 988 supplex,
1014 903 1148 988 iudices,
1170 909 1312 970 vestram

141 992 238 1058 fidem
261 992 452 1075 obtestatur,
474 996 616 1057 raabam
634 992 888 1059 misericordiam
907 994 1068 1078 implorat,
1091 997 1233 1064 vestram
1250 1015 1313 1078 po·

140 1083 296 1146 testatem
315 1102 352 1146 ac
369 1085 495 1146 vestras
514 1101 590 1166 opes
609 1081 761 1146 intuetur.
799 1081 911 1166 nolite,
933 1103 991 1166 per
1009 1082 1085 1147 deos
1104 1081 1313 1167 immortales,
1326 1099 1352 1140 ⁸⁷

139 1169 276 1254 iudices,
306 1168 367 1234 hac
395 1190 468 1234 eum
495 1191 569 1234 cum
595 1191 644 1254 re,
673 1192 736 1254 qua
764 1191 798 1234 se
827 1169 1048 1236 honestiorem
1078 1170 1147 1236 fore
1177 1172 1313 1255 putavit,

141 1257 241 1324 etiam
270 1259 385 1324 ceteris
419 1261 492 1323 ante
523 1258 627 1342 partis
655 1257 880 1325 honestatibus
911 1262 1008 1343 atque
1036 1259 1125 1324 omni
1152 1258 1312 1345 dignitate

140 1348 339 1431 fortunaque
366 1347 502 1431 privare.
552 1349 647 1432 atque
674 1346 722 1412 ita
749 1369 807 1412 vos
835 1347 870 1412 L.
893 1347 1042 1427 Murena,
1074 1346 1209 1430 iudices,
1242 1353 1315 1414 orat

143 1440 242 1522 atque
264 1437 429 1520 obsecrat,
452 1436 480 1500 si
497 1435 617 1500 iniuste
634 1436 796 1500 neminem
819 1437 923 1521 laesit,
947 1437 974 1501 si
997 1435 1116 1501 nullius
1139 1457 1233 1502 aures
1256 1458 1311 1502 vo-

139 1527 340 1590 luntatemve
363 1523 510 1603 violavit,
539 1524 566 1589 si
592 1523 729 1609 nemini,
755 1529 793 1591 ut
821 1525 983 1590 levissime
1010 1524 1128 1610 dicam,
1156 1525 1231 1590 odio
1254 1547 1314 1592 nec

140 1615 229 1679 domi
256 1634 316 1678 nee
341 1613 477 1678 militiae
500 1613 577 1697 fuit,
604 1617 642 1677 ut
671 1613 714 1678 sit
741 1613 826 1698 apud
849 1635 906 1680 vos
934 1613 1111 1678 modestiae
1138 1614 1243 1698 loeus,
1271 1615 1315 1680 sit

140 1702 280 1768 demisso
305 1702 414 1768 animo
437 1701 631 1788 perfugium,
655 1702 698 1766 sit
716 1702 873 1767 auxilium
896 1703 1020 1786 pudori.
1059 1702 1314 1768 misericordiam

141 1791 294 1876 spoliatio
319 1791 507 1856 consulatus
530 1812 682 1874 magnam
705 1790 825 1856 habere
848 1791 952 1875 dehet,
975 1791 1112 1874 iudices3
1139 1813 1204 1856 una
1217 1791 1317 1857 enim·

142 1881 324 1964 eripiuntur
342 1900 415 1944 oum
434 1880 605 1944 consulatu
623 1879 745 1945 omnia:
769 1880 928 1944 invidiam·
943 1901 1019 1945 vero
1042 1879 1093 1946 his
1112 1880 1314 1962 temporibus

144 1969 264 2034 habere
289 1969 475 2034 consulatus
498 1969 567 2051 ipse
590 1968 714 2033 nullam
737 1971 861 2051 potest3
884 1967 1025 2050 obicitur
1047 1967 1134 2032 enim
1154 1968 1314 2034 contioni-

141 2058 203 2122 bus
232 2057 475 2142 seditiosorum,
506 2056 635 2121 insidiis
668 2057 925 2136 coniuratorum,
958 2057 1033 2122 telis
1063 2054 1239 2142 Oatilinue3
1272 2057 1314 2122 ad

143 2167 238 2211 omne
262 2146 398 2229 denique
421 2145 602 2230 periculum
630 2148 726 2229 atque
754 2145 795 2209 ad
820 2167 949 2212 omnem
971 2145 1123 2210 iniuriam
1146 2145 1234 2211 solus
1258 2168 1315 2230 op·

141 2235 283 2320 ponitur.
319 2256 418 2319 quaro
438 2234 515 2320 quid
528 2234 739 2299 invidendum
753 2233 906 2300 Murenae
926 2238 981 2299 aut
999 2234 1149 2318 cuiquam
1163 2237 1312 2300 nostrum
1326 2252 1354 2292 ⁸8
1368 2246 1370 2250 ’

143 2324 187 2388 sit
208 2324 243 2389 in
264 2324 326 2390 hoc
347 2325 513 2406 praeclaro
536 2323 707 2389 consulatu
732 2345 800 2388 nou
822 2323 928 2406 video,
955 2323 1087 2389 iudices.
1133 2344 1214 2408 quae
1237 2344 1314 2390 vero

142 2412 326 2478 miseranda
349 2416 438 2496 sunt,
461 2433 499 2477 ea
522 2412 659 2476 etmihi
682 2416 757 2478 ante
780 2413 890 2478 oeulos
914 2414 1085 2478 versentur
1107 2415 1140 2476 et
1164 2432 1221 2477 vos
1244 2411 1315 2477 vid·

141 2523 195 2566 ere
225 2505 258 2566 et
287 2501 467 2586 perspicere
494 2501 640 2584 potestis.
692 2500 729 2586 si,
760 2501 845 2585 quod
872 2500 1018 2584 Iuppiter
1047 2521 1142 2566 omen
1172 2502 1314 2566 avertat!
1329 2505 1366 2562 41

145 2589 233 2655 hunc
255 2590 371 2655 vestris
398 2589 567 2654 sententiis
591 2588 793 2674 adflixeritis,
821 2611 884 2674 quo
914 2610 947 2654 se
975 2589 1074 2654 miser
1097 2589 1222 2655 vertet?
1260 2589 1314 2654 do·

143 2745 300 2802 teriereude
318 2745 502 2816 Verbindung
523 2745 554 2800 in
577 2745 630 2801 den
648 2745 702 2800 Re·
755 2744 818 2801 nius
840 2745 897 2800 iam
920 2762 1040 2802 macore
1062 2762 1095 2801 oc
1119 2747 1237 2802 miseriis
1252 2763 1313 2815 par·

142 2817 278 2887 den(vgl.
293 2823 308 2882 ς
322 2820 375 2887 81).
403 2816 460 2872 Das
474 2815 638 2886 Dringliche
652 2816 702 2871 des
755 2817 843 2884 ditum
857 2818 1078 2884 Rosc.Am.§23
1093 2818 1170 2872 lucta
1179 2819 1314 2887 perditam.

144 2889 246 2957 Tonas,
264 2889 316 2942 mit
333 2888 397 2942 dem
411 2887 468 2943 Cio.
483 2888 533 2942 das
546 2887 632 2942 Wohl
641 2888 703 2943 ,und
792 2891 834 2944 87.
844 2888 962 2942 became
971 2904 1078 2944 carmes
1091 2888 1109 2944 i.
1120 2904 1143 2943 e.
1154 2889 1242 2944 nolite
1254 2903 1318 2942 cum

145 2959 236 3014 Wehe
250 2955 340 3015 seines
354 2957 486 3014 Klienten
499 2959 554 3014 den
568 2959 703 3016 Richtern
758 2958 904 3014 consulatu
923 2959 1008 3014 etiam
1028 2958 1128 3014 ceteris
1147 2976 1172 3015 a.
1187 2977 1215 3028 p.
1230 2957 1319 3026 hone:

144 3047 193 3085 ans
211 3030 284 3085 Herz
306 3029 379 3101 legt,
402 3030 478 3098 ueigt
503 3029 564 3084 sich
586 3030 615 3084 iu
638 3030 703 3086 dem
758 3027 878 3084 statibus
898 3029 937 3097 (iu
955 3027 1077 3085 seltener
1094 3027 1263 3099 Bedeutung
1282 3051 1324 3075 =·

143 3102 297 3172 gehtuftan
313 3100 473 3167 Ausdmcls,
498 3101 703 3171 vgl.=aqualore
757 3100 920 3170 honoribus)
939 3117 1003 3156 eum
1026 3099 1137 3169 privare
1162 3099 1313 3171 (Anhang).

144 3173 173 3227 et
199 3173 330 3241 sordidis,
358 3169 481 3227 lacrimis
509 3189 543 3226 ao
566 3187 702 3242 maerore,
755 3202 789 3213 -
808 3177 870 3227 orat
888 3177 968 3242 atque
980 3173 1045 3240 oba,
1063 3172 1136 3227 ci-
1152 3177 1191 3238 ut,
1210 3173 1315 3228 aheneo

143 3244 216 3298 auch
240 3249 272 3298 ut
289 3261 323 3298 aa
344 3242 383 3298 ist
406 3241 633 3298 ausdrdclslicher
659 3243 701 3297 als
754 3242 785 3298 in
802 3242 853 3298 der
871 3242 1087 3298 Gommiseratio
1107 3242 1157 3298 der
1174 3242 1315 3299 Rosciana

143 3314 195 3367 das
214 3312 341 3369 einlache
364 3330 399 3368 ne
418 3313 529 3383 (Anhan
549 3313 568 3381 ).
587 3344 623 3353 —
641 3330 702 3368 cum
755 3318 770 3380 ς
789 3318 841 3368 144
858 3320 938 3385 repat
955 3320 1067 3384 maique
1084 3314 1126 3381 te,
1144 3316 1170 3369 ai
1187 3314 1258 3368 nihil
1277 3354 1283 3370 .
1305 3355 1311 3370 .

143 3382 702 3512 §assuescenti-‘arn
754 3383 883 3511 tta
900 3384 1314 3512 ‘anablata‘

620 3495 627 3522 ι
884 3497 891 3510 ·
910 3486 945 3498 ““
1142 3497 1150 3520 r
1306 3495 1312 3508 ·

144 3523 607 3596 derBestimmungderlexTullia
616 3527 702 3581 nach·
756 3531 790 3582 35
816 3527 891 3595 quod
913 3543 971 3582 non
993 3525 1094 3598 dignos
1116 3526 1243 3582 homines
1261 3526 1312 3581 ho-

143 3597 322 3663 sulsommen,
346 3613 367 3650 s.
390 3615 424 3650 au
446 3602 522 3662 §4⁷-
558 3597 625 3654 Dies
648 3597 702 3653 soll
756 3614 823 3652 nore
841 3598 1003 3654 honestatos
1021 3598 1159 3653 videbam.
1180 3628 1214 3638 —
1232 3602 1264 3651 ut
1277 3598 1310 3652 lc·

143 3687 191 3723 aur
203 3667 379 3736 Erweckung
393 3669 441 3722 des
455 3668 578 3724 Mitleids
592 3668 700 3724 dienen
754 3669 970 3737 anamarteton,
980 3666 1312 3737 rhetorischeHyperbel,
1345 3741 1347 3745 ι

143 3769 178 3780 -
197 3738 336 3808 obruatis,
354 3735 405 3792 wir
423 3736 590 3808 passivischz
611 3738 701 3808 ‘nicht
754 3739 808 3794 wie
827 3757 877 3810 pro
892 3739 963 3796 Sest.
980 3745 1043 3805 1453
1061 3739 1092 3794 in
1106 3738 1166 3793 Cat
1180 3744 1206 3807 3,
1222 3745 1263 3796 17.
1279 3769 1312 3780 ·-

144 3827 179 3864 uu
197 3808 348 3876 bewirken,
368 3807 429 3863 dass
448 3808 572 3864 diadem
586 3811 702 3866 Murena
756 3841 789 3852 --
813 3811 927 3866 dachse
949 3812 1057 3879 animo,
1078 3809 1118 3864 im
1140 3811 1227 3880 guten
1245 3809 1314 3866 Sinn

144 3882 241 3951 junget
258 3898 291 3935 zu
308 3877 361 3935 teil
379 3879 545 3950 gewordene
564 3880 701 3951 Begldck·
735 3879 737 3883 ’
755 3881 809 3935 wie
827 3880 894 3936 Hor.
914 3883 965 3935 sat.
987 3887 1015 3949 1,
1030 3886 1059 3949 3,
1074 3885 1107 3935 57
1131 3881 1251 3936 multum
1265 3881 1313 3936 de·

144 3952 317 4022 wdnschung
339 3951 427 4006 durch
449 3967 504 4005 neu
521 3951 702 4022 hervorgeru-
756 3951 856 4006 missus
884 3951 977 4008 homo.
1013 3981 1043 3994 -
1076 3952 1219 4022 spoliatio,
1249 3967 1312 4021 pas·

144 4022 208 4076 fene
230 4023 339 4094 Klagen
366 4022 499 4078 fibertdut
525 4023 639 4077 werde'.
667 4053 702 4064 -
757 4022 869 4077 sivisch.

144 4094 245 4148 mmsis.
260 4095 376 4164 antiqu,
390 4093 555 4160 Lanuvium,
576 4093 624 4147 das
637 4099 653 4160 ξ
667 4099 702 4148 90
792 4099 834 4148 88.
888 4094 1004 4160 auclore,
1021 4093 1153 4161 ironisch,
1172 4098 1187 4159 ς
1205 4098 1248 4148 22.

145 4162 703 4304 tull⁰i⁹i⁰tttltt⁵ll⁸ltttt⁰”illl
755 4163 1210 4305 petudtdttttad
1236 4164 1314 4304 “td

218 4278 225 4291 .
603 4277 613 4303 ,
647 4277 653 4289 .

141 4311 161 4372 nt
176 4312 218 4361 42.
238 4337 269 4347 -
289 4323 409 4363 macore
422 4308 558 4377 perditos,
579 4306 702 4361 ‘versun
754 4322 782 4361 se
794 4307 875 4362 mma
887 4307 989 4363 vertet?
1016 4306 1222 4374 Nacbahmung
1236 4304 1314 4360 einer

144 4377 201 4432 ken
217 4377 270 4443 ιη’,
287 4375 345 4447 vgl.
363 4378 441 4434 Verr.
460 4377 486 4434 V
505 4384 520 4445 ᾖ
539 4383 574 4434 24
587 4377 701 4449 Apollo·
733 4385 734 4390 ’
756 4377 843 4433 Stella
863 4390 912 4434 aus
930 4379 1006 4436 einer
1023 4376 1100 4433 neda
1118 4377 1166 4432 des
1184 4373 1213 4434 O.
1229 4376 1314 4433 Grac·
