3026 4812
208 243 252 309 52
599 241 636 295 Μ.
655 238 779 295 TULLII
797 236 989 294 CICERONIS

186 422 189 447 ²
209 407 253 472 sit
277 426 323 489 eo,
346 426 409 490 quo
433 425 560 488 semper
583 404 634 467 usi
658 401 790 468 sumus?
826 400 975 466 homines
998 406 1120 466 tennes·
1135 423 1236 467 unum
1258 401 1384 467 habent

209 495 244 558 in
266 497 414 559 nostrum
433 493 579 559 ordinem
602 495 659 558 aut
681 490 887 576 promerendi
909 494 967 556 aut
986 489 1145 565 referendi
1169 490 1316 555 beneficii
1334 491 1383 556 lo·
1443 535 1446 540 -
1510 514 1511 533 ι

210 605 283 650 cum
306 583 390 648 hauc
412 583 447 647 in
470 582 590 648 nostris
610 580 821 666 petitionibus
842 593 973 663 operam
997 580 1093 663 atque
1112 578 1383 666 adsectationem3
1510 579 1511 588 ’

196 661 314 756 ¹neque
344 672 431 736 enim
458 671 528 734 fieri
551 673 659 753 potest
686 690 790 754 neque
816 667 1047 751 postulandum
1076 671 1126 732 est
1154 689 1174 732 a
1201 667 1296 732 nobis
1325 672 1385 732 aut

210 761 251 825 ab
279 760 442 846 equitibus
473 759 643 842 Romanis,
676 760 713 822 ut
743 779 818 822 suos
848 756 1049 821 necessarios
1079 756 1294 838 [candidatos]
1327 756 1383 822 ad·

210 852 372 914 sectentur
394 852 483 914 totos
508 847 588 912 dies:
619 869 638 911 a
662 846 778 930 quibus
807 846 834 910 si
862 846 978 911 domus
1001 846 1113 910 nostra
1136 845 1330 930 celebratur,
1354 846 1385 910 si

208 938 370 1003 interdum
394 937 433 1002 ad
451 936 558 1002 forum
577 935 771 1019 deducimur,
795 935 823 999 si
839 943 909 999 'uno
928 934 1081 999 basilicae
1105 934 1212 1017 spatio
1231 933 1384 1000 honesta·

212 1048 298 1109 mur,
321 1026 495 1111 diligenter
514 1024 678 1090 observari
692 1023 839 1088 videmur
853 1027 887 1087 et
904 1022 978 1088 coli:
1002 1023 1185 1088 tenuiorum
1205 1022 1385 1088 amicorum

210 1118 244 1179 et
272 1136 339 1179 non
367 1116 596 1199 occupatorum
624 1116 674 1178 est
701 1113 765 1178 ista
789 1111 982 1196 adsiduitas,
1010 1133 1148 1196 quorum
1171 1111 1264 1194 copia
1286 1112 1384 1177 bonis

171 1214 195 1252 ⁷1
210 1204 288 1269 viris
312 1207 345 1267 et
366 1203 519 1283 beneficis
552 1201 661 1267 deesse
690 1223 755 1266 non
784 1201 877 1266 solet.
922 1201 991 1266 noli
1018 1201 1119 1285 igitur
1148 1200 1271 1283 eripere
1295 1200 1385 1267 hunc

210 1292 355 1358 inferiori
386 1292 495 1378 generi
518 1291 686 1356 hominum
711 1289 852 1355 fructum
875 1289 987 1374 officii,
1015 1286 1110 1354 Cato:
1139 1290 1207 1354 sine
1231 1310 1300 1372 ecs,
1327 1290 1386 1374 qui

210 1381 320 1446 omnia
343 1404 362 1445 a
385 1381 479 1447 nobis
503 1383 645 1465 sperant,
668 1379 787 1444 habere
810 1379 899 1465 ipsos
921 1400 1049 1462 quoque
1073 1378 1193 1462 aliquid
1216 1379 1302 1462 quod
1325 1400 1385 1444 no-

211 1470 261 1534 bis
284 1470 427 1535 tribuere
450 1469 586 1554 possint
624 1469 652 1532 si
674 1467 756 1532 nihil
780 1469 843 1532 erit
864 1471 995 1551 praeter
1014 1467 1159 1550 ipsorum
1182 1466 1406 1566 suffragium„

209 1565 307 1623 tenue
330 1561 394 1623 est:
419 1559 461 1638 [si
484 1561 520 1622 ut
539 1556 771 1643 suffragentur]
796 1556 879 1621 nihil
899 1557 1011 1622 valent
1033 1556 1141 1641 gratia
1166 1555 1271 1640 [ipsi];
1295 1556 1384 1622 deni-

211 1669 281 1732 que,
304 1650 341 1712 ut
363 1648 469 1712 solent
492 1646 593 1730 loqui,
614 1668 681 1711 non
703 1645 807 1710 dicere
830 1667 889 1730 pro
911 1645 1016 1729 nobis,
1039 1666 1108 1709 non
1126 1644 1292 1729 spondere,
1316 1667 1385 1711 non

210 1757 325 1801 vocare
357 1735 488 1800 domum
520 1757 610 1798 suam
647 1738 795 1818 possunt.
845 1738 942 1818 atque
978 1733 1059 1798 haec
1090 1756 1110 1798 a
1142 1734 1236 1798 uobis
1268 1737 1386 1818 petunt

211 1824 334 1909 omnia,
361 1845 464 1910 neque
492 1824 560 1888 ulla
586 1845 620 1887 re
649 1823 727 1906 elia,
755 1844 837 1908 quae
866 1845 885 1887 a
913 1823 1007 1887 nobis
1035 1825 1288 1907 consequuntur,
1317 1823 1386 1888 nisi

209 1914 271 1978 hac
310 1934 408 1998 opera
444 1935 503 1978 sua
544 1912 746 1996 compensari
785 1914 903 1996 putant
943 1933 1051 1996 posse;
1096 1911 1206 1996 itaque
1247 1914 1280 1975 et
1318 1912 1386 1997 legi

210 2001 347 2086 Fabiae,
375 2024 457 2087 quae
480 2004 531 2066 est
554 2000 593 2067 de
613 2015 749 2066 'numero
773 2004 985 2084 sectatorum,
1014 2004 1047 2065 et
1070 2004 1202 2066 senatur
1226 2001 1385 2084 consulte,

212 2092 297 2177 quod
318 2094 368 2155 est
384 2090 420 2155 L.
436 2089 574 2155 Caesare
592 2091 724 2156 consule
742 2088 875 2174 factum,
893 2089 1097 2172 restiterunt,
1119 2089 1210 2153 nulla
1228 2091 1278 2154 est
1296 2088 1386 2154 enim

211 2201 317 2264 poena
340 2200 421 2264 quae
444 2179 549 2263 possit
572 2179 814 2244 observantiam
837 2179 1022 2244 tenuiorum
1054 2177 1095 2241 ab
1118 2178 1181 2242 hoc
1204 2182 1312 2243 vetere
1336 2179 1385 2242 in-

172 2268 327 2334 restituto
352 2267 533 2333 officiorum
553 2266 729 2333 excludere.
767 2266 812 2333 ‘at
832 2267 1017 2352 spectacula
1040 2268 1116 2331 sunt
1135 2266 1284 2332 tributim
1308 2267 1386 2333 data

246 2423 371 2480 XXXIV.
390 2429 490 2492 tenues,
509 2425 612 2480 ebenso
630 2424 771 2479 tenuiores
827 2423 1051 2494 Stimmahgabe,
1079 2423 1131 2478 wie
1160 2426 1234 2480 etwa
1263 2421 1308 2479 bei
1334 2423 1386 2478 der

212 2495 305 2566 gleich
323 2495 448 2552 nachher
466 2497 526 2550 und
545 2501 560 2562 ὅ
580 2502 622 2551 71.
656 2525 689 2536 -
720 2497 772 2562 ref.
826 2496 877 2550 der
894 2494 1028 2561 Soldaten
1048 2497 1079 2564 (ι.
1099 2501 1115 2562 5
1133 2498 1187 2565 38),
1207 2494 1282 2550 kann
1299 2494 1385 2550 keine

212 2567 313 2634 terreri,
336 2568 414 2622 sonet
437 2568 466 2621 in
489 2567 595 2621 diesem
618 2565 702 2620 Sinne
724 2582 771 2637 ge·
825 2567 902 2622 Rede
926 2567 999 2634 seim
1028 2565 1186 2622 ausserdem
1207 2566 1320 2621 kdnnen
1343 2565 1386 2622 sie

211 2636 354 2692 wbhnlich
381 2655 433 2692 nur
454 2637 576 2708 gratiam
600 2637 710 2693 referre.
737 2667 771 2677 -
826 2639 898 2692 auch
922 2638 1002 2692 nicht
1028 2638 1073 2692 fiir
1095 2655 1147 2692 uns
1169 2637 1304 2706 sprechen
1331 2637 1386 2706 (als

210 2713 280 2764 toros
302 2708 373 2775 dics,
396 2708 499 2764 ebcnso
522 2714 538 2774 ξ
557 2713 603 2776 '183
628 2709 705 2763 totas
727 2709 771 2763 ta·
826 2709 1008 2778 Sachwelter)
1018 2708 1086 2763 oder
1095 2707 1265 2778 Bdrgschaft
1273 2707 1385 2778 leisten,

210 2779 310 2834 bernus
329 2784 345 2845 ς
364 2785 406 2834 73.
434 2810 468 2820 -
496 2780 660 2846 asamar,
682 2779 771 2835 durch
825 2779 893 2834 oder
914 2797 965 2834 uns
986 2779 1016 2833 in
1037 2779 1083 2833 ihr
1100 2779 1179 2833 Heus
1201 2779 1329 2834 eiuladen
1348 2809 1385 2820 -

119 2868 123 2878 ·
212 2849 257 2904 die
275 2851 416 2918 salutatio,
435 2849 481 2904 die
495 2867 541 2908 arn
555 2849 673 2920 Morgen
687 2852 770 2905 stett-
824 2867 881 2907 was
899 2849 1088 2904 bleibtihnen
1099 2848 1162 2905 also
1176 2851 1277 2905 andere
1291 2850 1384 2920 dhrig,

210 2921 286 2978 fand.
306 2951 340 2962 -
359 2922 497 2989 basilicae,
512 2920 712 2977 Stalenhallen
725 2938 770 2976 am
826 2922 868 3000 alp
883 2920 972 2974 durch
983 2919 1049 2989 jene
1061 2919 1216 2977 adsiduitas
1226 2921 1287 2976 sich
1296 2921 1385 2976 dank-

210 2992 322 3061 Fcrum,
337 2993 383 3048 die
395 2992 437 3047 als
447 2992 770 3063 Gerichtsgebaudeund
824 2994 876 3047 bar
892 3008 928 3045 zu
941 2992 1093 3047 erweisen?
1113 3021 1147 3034 -
1166 2993 1281 3062 deniqrse
1297 2992 1403 3047 ‘dann-

210 3063 319 3118 Bdrsen
347 3063 474 3133 dtenten3
507 3064 553 3119 die
581 3064 685 3119 tlteste
711 3080 771 3118 war
824 3062 907 3118 euch'
932 3063 972 3117 im
995 3063 1111 3120 aweiten
1134 3063 1216 3118 Glied
1242 3063 1281 3116 ist
1304 3062 1386 3118 nicht

212 3150 268 3188 vcn
286 3132 354 3189 Cato
371 3140 422 3190 184
441 3135 547 3190 erbaut
566 3166 602 3176 -
619 3136 710 3201 spatio
723 3136 769 3189 Iso·
824 3134 915 3188 selten
924 3134 1075 3205 (Anhang).
1090 3163 1125 3176 -·
1139 3135 1316 3202 comparari,
1331 3134 1386 3188 mit

210 3209 290 3273 nest,
309 3221 391 3260 wenn
409 3205 449 3261 sie
468 3223 519 3260 uns
539 3206 588 3260 der
605 3204 680 3260 Ehre
699 3211 770 3260 wdr·
824 3221 888 3260 cum
912 3204 1075 3262 verbunden
1096 3205 1127 3258 in
1149 3203 1204 3258 Pis.
1229 3207 1262 3258 75
1290 3221 1384 3260 nonne

212 3275 305 3344 digsn,
316 3276 378 3330 eine
389 3276 614 3346 StreckeWeges
623 3277 674 3330 auf
681 3277 773 3331 einem
827 3276 1021 3346 compensabit
1039 3292 1103 3330 cum
1116 3291 1172 3330 uno
1186 3274 1325 3331 versiculo
1339 3277 1386 3330 tot

214 3363 245 3401 ιο
258 3346 391 3402 belebten
403 3346 502 3403 Platae
515 3364 568 3402 uns
578 3346 771 3417 zubegleiten.
825 3363 890 3402 mea
912 3346 1056 3402 volumina
1073 3345 1190 3400 laudum
1208 3363 1328 3402 suarum.
1348 3377 1384 3388 —

212 3447 245 3458 -
270 3418 408 3474 obseruari
431 3424 455 3473 et
478 3420 544 3486 coli,
572 3418 655 3474 beide
679 3417 773 3474 Verba
826 3420 879 3488 depr·
906 3417 1014 3473 Fatr'ee
1041 3433 1090 3472 aus
1118 3417 1288 3487 ungewiseer
1314 3418 1385 3486 Zeit,

212 3489 311 3544 stehen
338 3489 489 3544 hescnders
516 3489 627 3560 htulig‚
654 3507 703 3544 um
726 3489 771 3544 dic
825 3489 900 3544 wohl
928 3489 1000 3542 nach
1022 3487 1073 3542 der
1097 3487 1143 3543 lex
1166 3487 1324 3559 Calpurnia.
1348 3519 1384 3530 -

212 3559 709 3630 ehrerbietigeAufmerhsamkeitau
723 3560 771 3615 be·
825 3559 860 3617 L.
881 3559 1007 3625 Caesare,
1030 3559 1070 3613 im
1087 3559 1174 3615 Jahre
1199 3565 1241 3615 64.
1286 3560 1324 3614 Ει
1346 3559 1386 3615 ist

120 3661 124 3669 ι
212 3630 353 3700 aeichnen,
373 3631 479 3686 welche
492 3631 542 3686 der
555 3631 652 3686 Klient
666 3632 771 3686 seinem
824 3649 877 3686 nur
900 3629 948 3684 der
965 3628 1072 3684 chsul
1096 3632 1233 3700 genannt,
1256 3629 1305 3685 der
1328 3631 1385 3686 den

211 3701 349 3758 Patronus
364 3701 480 3758 erweist·
490 3703 641 3773 (Anhang).
662 3732 695 3741 -
714 3718 771 3758 ron
824 3700 967 3758 Beschluss
984 3700 1163 3762 veranlasste.
1195 3700 1253 3755 Ans
1269 3700 1315 3754 die
1328 3699 1382 3757 Be-

212 3787 304 3842 occap.
325 3799 359 3820 τε
377 3774 540 3830 otiosorum.
824 3772 963 3896 teiligung
977 3771 1026 3826 des
1041 3772 1139 3828 Cicero
1155 3789 1190 3826 an
1205 3772 1300 3826 mesen
1314 3771 1385 3828 Ver-

824 3845 882 3897 han
903 3843 1014 3912 langen,
1029 3842 1075 3899 dte
1086 3843 1173 3898 durch
1184 3843 1230 3897 die
1238 3841 1385 3898 UmtrIehe

249 3919 291 3969 71.
310 3917 440 3983 fractam,
451 3915 589 3972 ‘Genuls‘.
601 3915 772 3970 -aalriloa
825 3915 873 3969 des
892 3913 1030 3970 Antonius
1053 3915 1111 3969 und
1130 3912 1252 3969 Catilina
1269 3913 1384 3970 hervor-

213 3985 268 4041 lcnt
299 4002 335 4040 ιι
355 3984 401 4040 die
415 3987 542 4042 homines
556 3990 655 4042 tenues
671 3985 773 4044 wellen
826 3985 942 4055 gerufan
959 3985 1087 4052 wurden,
1106 3983 1239 4040 berichen
1258 3983 1319 4040 sich
1337 3986 1385 4040 die

212 4001 773 4113 ihrehrlrenntlichlreitbeweisen.Wenn
825 4057 923 4112 Wcrte
933 4060 949 4122 ς
961 4062 993 4112 72
1004 4059 1099 4111 tamen
1108 4053 1268 4111 admonitus
1279 4075 1305 4110 a.
1317 4073 1338 4109 ι.
1349 4075 1384 4114 u.

212 4127 298 4182 ihren
322 4128 389 4182 aber
412 4127 509 4183 weiter
526 4129 619 4182 nichts
637 4129 773 4198 geetattet
826 4157 859 4168 ·-
874 4129 1032 4183 restiterrmt
1046 4151 1080 4174 =
1092 4127 1283 4196 neglexerunt,
1303 4127 1385 4182 ‘han-

213 4196 292 4269 wind,
302 4198 344 4254 als
353 4197 772 4268 ihreeigeneeinrelneStimme
825 4199 920 4254 delten
939 4197 1083 4253 davider’.
1107 4227 1140 4238 -—
1163 4215 1233 4268 quae
1246 4199 1335 4268 possit
1349 4227 1385 4239 —-

214 4269 278 4324 dem
296 4267 476 4325 Kandidaten
493 4287 542 4322 aar
555 4267 719 4339 Verfugung
737 4288 772 4323 nu
825 4271 965 4326 excludere
983 4293 1017 4316 =
1035 4285 1107 4337 quae
1130 4269 1270 4326 tenuiores
1288 4268 1385 4339 prohi-

215 4340 325 4409 stellcn,
340 4357 371 4395 sc
385 4341 423 4395 ist
436 4341 486 4396 das
501 4339 565 4394 sehr
578 4339 679 4409 uenig,
698 4341 772 4394 denu
825 4342 890 4396 bere
918 4338 1007 4410 possit
1033 4356 1082 4394 nos
1114 4341 1262 4396 observare
1289 4340 1385 4395 vetere

214 4427 270 4466 von
304 4412 395 4468 einem
427 4409 544 4466 Etnfluls
576 4408 667 4465 dieser
697 4410 772 4464 ihrer
825 4411 953 4467 instituto
971 4408 1135 4468 officiorum.
