3026 4812
218 200 238 264 6
612 198 648 252 u.
667 198 790 255 runnu
809 200 1000 258 cronacum

217 366 342 428 mentes
362 366 459 448 atque
475 362 657 428 sententiae
671 384 744 428 eum
758 364 872 448 populi
885 363 1025 430 Romani
1039 365 1263 432 voluntatibus
1279 367 1392 431 suffra-

217 452 345 536 giisque
369 452 580 517 consentiant
598 472 698 552 eaque
715 473 768 516 res
787 453 880 518 vobis
898 455 1081 538 populoque
1100 453 1248 520 Romano
1267 477 1392 540 peeem,

216 541 504 625 tranquillitatem,
537 539 641 605 otium
674 541 943 628 concordiamque
976 543 1110 619 adferat.
1165 543 1250 628 quod
1278 545 1306 610 si
1333 545 1392 612 ille

217 629 385 694 sollemnis
404 628 608 694 comitiorum
627 630 771 711 precatio
791 631 1013 698 consularibus
1033 631 1183 715 auspiciis
1203 637 1392 698 consecrata

216 721 344 783 tantam
371 719 472 782 habet
500 719 535 782 in
558 739 592 782 se
614 718 682 785 vim
705 721 739 782 et
760 719 968 804 religionem,
995 723 1149 806 quautam
1171 722 1218 786 rei
1241 722 1391 806 publicae

216 808 357 891 dignitas
381 806 538 891 postulat,
561 805 648 870 idem
667 827 727 891 ego
747 829 818 871 sum
836 812 995 891 precatus,
1018 813 1055 874 ut
1074 809 1121 874 eis
1141 831 1268 894 quoque
1288 811 1391 900 horni-

214 896 326 973 uibus,
355 897 471 980 quibus
498 896 552 964 hic
580 896 767 963 consulatus
797 889 848 962 mse
870 902 1008 982 rogante
1032 899 1126 972 datus
1150 907 1249 984 esset,
1278 922 1316 964 ea
1339 922 1390 966 res

190 985 333 1065 rfauste,
355 984 495 1050 feliciter
515 1005 733 1069 prospereque
756 985 911 1050 eveniret.
948 1009 1030 1070 quae
1054 1008 1125 1051 curn
1146 983 1198 1052 ita'
1214 989 1289 1072 sint,
1311 990 1391 1054 iudi·

216 1095 279 1157 ces,
303 1077 336 1138 et
359 1095 432 1138 cum
456 1073 562 1138 omnis
585 1074 718 1138 deorum
737 1073 972 1139 immortalium
989 1078 1135 1159 potestas
1154 1079 1211 1142 aut
1230 1080 1392 1144 translata

216 1162 260 1226 sit
289 1162 329 1226 ad
357 1185 415 1227 vos
445 1165 502 1227 eut
530 1167 615 1226 certe
639 1163 878 1228 communicata
900 1163 1081 1249 vobiscum,
1109 1165 1194 1230 idem
1222 1168 1390 1232 consulem

215 1255 344 1316 vestrae
367 1251 442 1319 fidei
464 1250 680 1332 commendat,
704 1251 757 1335 qui
783 1256 879 1316 antea
898 1251 947 1316 dis
967 1252 1209 1321 immortalibus
1228 1277 1390 1324 commen-

216 1341 314 1420 davit,
336 1344 374 1406 ut
392 1340 536 1406 eiusdem
554 1339 697 1412 hominis
716 1361 795 1406 voce
813 1343 847 1404 et
865 1341 1046 1408 declaratus
1065 1343 1224 1411 consulet
1238 1343 1389 1415 defensus

215 1428 407 1496 beneficium
433 1429 548 1514 populi
571 1428 710 1494 Romani
738 1451 810 1494 eum
839 1435 950 1495 vestre
978 1435 1076 1516 atque
1104 1433 1249 1502 omnium
1262 1435 1390 1502 'civium

215 1518 321 1584 salute
343 1521 484 1584 tueatur.
516 1521 549 1580 et
571 1518 723 1601 quoniam
747 1518 781 1583 in
799 1519 861 1583 hoc
880 1519 989 1588 officio
1010 1519 1153 1587 studium
1172 1543 1262 1590 meae
1282 1523 1388 1594 desen·

214 1607 315 1673 sionis
340 1607 381 1671 ab
406 1605 651 1674 accusatoribus
679 1610 776 1692 atque
799 1607 899 1673 etiam
921 1608 994 1692 ipsa
1018 1610 1179 1693 susceptio
1203 1607 1318 1682 causae
1341 1635 1390 1681 re-

214 1695 376 1780 prehensa
403 1697 467 1773 est,
499 1697 674 1780 antequam
704 1717 764 1778 pro
792 1695 827 1760 L.
855 1695 991 1760 Murena
1018 1697 1123 1763 dicere
1151 1699 1300 1784 instituo,
1327 1723 1389 1785 pro

213 1806 266 1849 me
294 1784 365 1868 ipso
393 1805 498 1868 pauca
526 1783 644 1867 dicam,
677 1804 744 1848 non
771 1806 834 1868 quo
863 1784 944 1848 mihi
971 1787 1080 1868 potior
1108 1787 1170 1852 hoc
1198 1789 1327 1873 quidem
1356 1792 1390 1856 in

212 1878 360 1960 tempore
375 1873 419 1936 sit
434 1872 536 1940 officii
550 1875 613 1938 mei
629 1894 725 1958 quam
739 1871 874 1944 huiusce
889 1873 1004 1938 salutis
1020 1873 1177 1960 defensiO,
1194 1878 1251 1946 sed
1265 1883 1302 1952 ut
1316 1901 1388 1945 meo

213 1961 301 2032 facto
323 1962 417 2030 vobis
441 1961 579 2046 probato
603 1961 724 2030 maiore
749 1961 942 2032 auctoritato
966 1963 1007 2030 ab
1030 1963 1126 2035 huius
1145 1964 1276 2052 honore,
1298 1967 1388 2042 fama

213 2050 417 2135 fortunisque
442 2050 591 2122 omnibus
615 2049 822 2116 inimicorum
845 2051 986 2133 impetus
1010 2054 1201 2136 propulsare
1224 2058 1356 2140 possim.

177 2118 196 2232 ξ
302 2139 348 2204 llt
370 2139 511 2224 primum
535 2139 577 2203 M.
602 2136 719 2204 Catoni
742 2140 843 2204 vitam
870 2139 910 2204 ad
934 2144 1055 2206 certam
1079 2144 1217 2208 rationis
1240 2166 1388 2214 normam

213 2228 372 2315 derigenti
390 2233 423 2294 et
442 2227 690 2314 diligentissime
708 2228 920 2316 perpendenti
940 2232 1106 2300 momenta
1121 2231 1306 2308 officiorum
1320 2257 1388 2308 om·

215 2455 375 2525 thluistenn,
409 2455 587 2537 burgerliche
618 2455 771 2526 Stellung’.
825 2456 890 2518 dem
903 2456 1035 2527 hominis,
1050 2459 1184 2518 cerealem
1198 2459 1263 2517 dem
1278 2461 1384 2532 leigen-

212 2527 276 2598 Vgl.
296 2533 394 2594 §450
418 2527 534 2582 civitate
557 2526 713 2588 exturbare.
737 2557 771 2567 -
826 2526 880 2585 deu
900 2531 929 2582 et
952 2529 1110 2586 declaratus
1129 2531 1227 2590 consul
1245 2534 1275 2586 et
1293 2529 1387 2587 delen-

211 2600 406 2666 coaetaneus,
424 2599 469 2652 fdr
482 2598 538 2654 den
550 2597 648 2652 Plurel
666 2597 723 2668 vgl.
737 2598 772 2654 de
825 2615 880 2655 sua
910 2630 941 2638 —
971 2601 1128 2667 beneficium
1151 2601 1236 2664 heilst
1256 2602 1317 2664 hier
1334 2603 1387 2660 wie

211 2670 267 2740 lep.
291 2685 351 2740 agr.
374 2675 389 2735 ξ
412 2675 430 2724 4
457 2685 555 2724 vocem
582 2669 676 2726 vivam
703 2678 785 2740 prae'
826 2674 876 2735 §3-
891 2674 934 2726 86.
950 2677 985 2726 90
1001 2671 1057 2727 ‘die
1071 2671 1131 2731 ihm
1148 2673 1387 2731 verlieheneAus·

210 2740 292 2796 vobis
315 2740 438 2797 indicem
460 2743 616 2794 vestrarum
640 2757 670 2794 er
691 2756 708 2794 a
727 2757 771 2798 me
826 2742 1004 2815 neiehnung’.
1033 2773 1066 2782 -—
1094 2760 1156 2804 orem
1174 2775 1208 2788 -
1226 2747 1315 2802 salute
1342 2746 1386 2802 ‘zu

212 2811 389 2868 voluntatum
414 2828 446 2866 ae
469 2809 626 2868 studiorum
643 2757 772 2880 ruiana,
826 2828 921 2868 eurem
934 2811 1036 2868 Heile’.
1057 2844 1090 2852 —
1110 2820 1135 2870 et
1142 2819 1279 2938 lquerulum
1292 2818 1324 2874 iu
1337 2818 1386 2874 tec

211 2889 274 2942 ut.
290 2915 322 2925 -
337 2883 417 2942 eaeo
429 2884 462 2937 ia
475 2899 511 2949 ee,
526 2882 633 2942 anstatt
648 2883 697 2956 des
712 2883 771 2938 blo·
825 2884 926 2952 officio,
951 2883 1009 2937 ‘bei
1032 2882 1124 2944 dieser

211 2954 272 3010 lsen
285 2954 381 3022 habet,
395 2953 506 3012 Tuscul.
523 2959 547 3020 1,
564 2958 613 3008 109
629 2953 683 3009 etsi
697 2953 772 3012 enim
826 2954 860 3009 cf.
880 2970 932 3024 pro
952 2953 1031 3010 Sulla
1049 2961 1064 3010 2
1084 2972 1147 3018 cum
1167 2959 1250 3020 huius
1268 2959 1388 3030 periculi

210 3026 282 3082 nihil
305 3025 392 3082 habet
414 3025 493 3080 inse
512 3025 671 3095 gloriacur
690 3041 771 3098 expe·
824 3023 1038 3094 propulsatione
1062 3027 1163 3084 eoniun
1184 3047 1231 3084 am
1250 3029 1388 3087 defensio·

211 3099 300 3165 tatur,
332 3099 428 3151 tamen
450 3096 594 3154 ‘virtutem
626 3099 772 3165 umquam
825 3111 890 3149 nem
913 3095 999 3154 officii
1017 3096 1081 3154 mei.
1119 3101 1151 3154 In
1164 3047 1271 3156 isidor
1290 3101 1386 3156 Reden

210 3168 311 3226 umbra
338 3168 471 3236 sequitur.
519 3168 572 3222 Zur
598 3167 685 3223 Stelle
713 3165 771 3236 vgl.
826 3165 935 3228 schiekt
959 3166 1027 3236 Oia,
1057 3169 1143 3226 bever
1170 3186 1273 3224 erzur
1296 3170 1386 3226 Seehe

210 3257 237 3310 p.
261 3239 343 3294 Rosc.
366 3239 429 3291 Am.
452 3244 473 3320 ⁸5
492 3243 526 3292 66
555 3254 686 3306 magnam
707 3239 771 3304 cim,
825 3235 1070 3337 {⁰¹b⁸l.³b⁰l,ss⁶hi
1080 3240 1142 3296 eine
1152 3240 1387 3314 Rechtfertigung

210 3311 773 3460 antecursorum:
826 3297 1386 3456 eleana}-,trahinac

210 3469 265 3526 que
284 3450 407 3522 sanguis.
427 3481 461 3490 -
475 3452 609 3532 postulat,
629 3456 644 3517 ξ
664 3456 680 3507 6
700 3451 773 3508 ssent
825 3451 921 3518 etiam,
944 3451 978 3506 de
1000 3467 1077 3520 prov.
1102 3457 1135 3506 30
1159 3454 1296 3512 abomui
1314 3456 1385 3526 peri·

210 3522 294 3582 huius
321 3519 434 3592 imperii
458 3521 581 3591 digniter
608 3522 639 3576 in
663 3538 771 3578 summo
826 3519 889 3576 culo
913 3524 997 3590 etque
1022 3521 1108 3581 etiam
1127 3523 1288 3594 suspicione
1309 3525 1385 3580 belli.

211 3593 315 3654 civium
329 3592 454 3666 periculo
465 3591 637 3668 postulabat.
653 3623 687 3642 -.
701 3594 772 3648 wem
824 3594 913 3659 facte,
932 3591 1215 3664 ‘Hendlungsweise'.
1235 3629 1267 3638 -
1287 3598 1386 3652 cocere

210 3682 270 3734 epo,
299 3669 380 3732 §863
408 3680 458 3736 pro
479 3662 558 3720 Sulla
576 3669 626 3730 873
654 3663 726 3717 Phil.
746 3670 771 3732 2,
825 3664 1111 3734 -fonwnuqee,'pro
1127 3665 1205 3729 Sulla
1215 3672 1248 3722 91
1264 3667 1387 3738 spoliata

210 3741 259 3804 243
273 3754 323 3806 pro
337 3736 420 3792 Arch.
432 3742 474 3790 15.
494 3765 528 3776 -·
546 3751 635 3790 me-
649 3741 771 3806 rogante,
825 3734 910 3802 fama,
925 3734 1040 3802 honore,
1055 3737 1226 3792 fortunia-
1236 3739 1314 3806 fama
1326 3739 1384 3806 for-

210 3807 334 3862 ndmlieh
353 3807 497 3878 populum,
516 3804 636 3862 welches
654 3805 694 3862 im
708 3805 772 3860 Fell
826 3811 959 3876 lunaeque
981 3805 1019 3862 ist
1041 3807 1102 3863 eine
1122 3811 1186 3864 sehr
1204 3809 1325 3866 heliebte
1344 3809 1384 3866 al-

211 3878 260 3935 der
287 3877 434 3950 Bejahung
460 3879 505 3934 die
528 3877 772 3936 Stimmtdfelchen
825 3875 1017 3932 litterierende
1035 3879 1224 3948 Verbindung.

209 3946 263 4005 mit
276 3949 310 4004 V.
325 3949 368 4017 R,
387 3950 413 4004 d.
428 3950 454 4004 h.
475 3950 517 4006 uti
530 3967 626 4019 roges,
644 3947 770 4004 bezeich-
860 3947 896 4016 11,
915 3955 931 4004 3
951 3950 989 4006 ad
1006 3955 1107 4008 eertruo
1124 3951 1243 4012 rationis
1261 3967 1384 4010 normam

209 4021 284 4075 nete.
825 4021 871 4084 (a
884 4014 1015 4088 κανόνα),
1033 4020 1156 4082 n'amlich
1175 4021 1223 4077 des
1242 4021 1384 4081 stoischen

246 4096 271 4147 2.
287 4096 336 4146 aut
345 4095 414 4146 certe
424 4092 632 4157 communicato,
646 4089 770 4153 insofern
826 4091 965 4160 Syrtems3
979 4093 1099 4164 darique
1112 4093 1179 4160 ud·,
1194 4093 1384 4164 Synonymnm

210 4162 256 4217 die
270 4163 395 4244 potestas
409 4160 541 4232 iudicum,
561 4162 613 4216 wie
627 4177 657 4218 es
671 4177 723 4230 pro
738 4160 767 4216 0.
824 4164 996 4232 venreferre,
1010 4179 1135 4220 revocare
1148 4165 1238 4220 ad·
1251 4170 1384 4223 momenta

210 4233 306 4292 Rebu.
321 4240 347 4302 2,
361 4238 378 4288 5
392 4230 488 4300 heilst,
506 4229 633 4302 proxime
653 4233 689 4288 ad
704 4233 771 4289 deo-
824 4233 988 4302 officiorum,
1002 4232 1048 4290 die
1058 4233 1147 4289 hehre
1156 4252 1211 4298 von
1220 4235 1275 4291 den
1284 4235 1383 4292 Pflieh·

210 4321 272 4360 rum
299 4303 501 4360 immortalium
525 4318 629 4361 numen
654 4304 771 4362 accedit.
825 4307 874 4361 ten
892 4303 931 4361 ist
949 4305 1006 4360 bes.
1025 4303 1055 4360 in
1073 4304 1122 4359 der
1136 4306 1277 4364 stoischen
1290 4306 1383 4364 Philo·

210 4376 282 4434 idem
291 4374 448 4447 entsprieht
461 4375 525 4432 dem
539 4373 691 4446 folgenden
700 4373 771 4434 eius·
826 4375 924 4446 sophie
942 4375 1120 4446 ausgebildet
1137 4379 1258 4436 werden.
1287 4375 1382 4436 Cicero

1167 2887 1387 2961 ienstleistung',
