3026 4812
203 160 250 224 40
600 160 638 214 Μ.
656 159 780 221 TULLII
799 160 991 216 CICERONIS

204 324 342 388 miseros
371 322 498 388 credere
525 345 591 389 non
621 327 785 406 oportere:
818 344 917 407 quare
946 323 1001 407 qui
1029 324 1221 406 consumpta
1249 323 1392 407 replere,

206 416 318 497 erepta
343 433 534 496 recuperare
556 412 691 496 vellent,
718 415 903 495 spectarent
930 411 1007 496 quid
1035 411 1105 494 ipse
1133 411 1277 494 deberet,
1306 413 1388 496 quid

205 501 394 585 possideret,
413 501 489 584 quid
509 500 653 565 auderet:
672 501 805 566 minime
820 500 969 566 timidum
988 502 1021 564 ¹et
1040 499 1132 564 valde
1152 500 1385 566 calamitosum

207 611 277 654 esse
300 592 449 673 oportere
473 611 556 672 eum,
581 590 635 673 qui
659 593 746 654 esset
768 589 896 654 futurus
915 589 979 652 dux
1003 592 1036 653 et
1060 588 1195 672 signifer
1218 589 1387 655 calamito-

91 724 93 730 ν
165 696 191 735 ⁶1
207 698 317 743 sorum
345 715 382 725 -
409 681 480 742 tum
507 679 621 764 igitur,
648 678 700 742 his
728 678 825 742 rebus
849 678 983 761 auditis,
1012 676 1209 741 meministis
1237 677 1307 746 ficri
1334 700 1385 743 se·

205 770 301 831 natus
331 767 516 832 consultum
544 765 703 831 referente
726 787 791 849 me,
819 789 861 832 ne
888 769 1019 850 postero
1047 764 1098 829 die
1125 765 1259 830 comitia
1284 765 1385 832 habe·

205 859 331 939 rentur,
364 859 401 920 ut
431 855 469 918 de
497 854 548 919 his
576 855 672 920 rebus
704 855 740 918 in
768 857 883 920 senatu
919 875 1015 939 agere
1045 874 1223 936 possemus.
1273 855 1384 942 itaque

206 944 364 1028 postridie
382 943 547 1027 frequenti
566 946 682 1008 senatu
706 941 882 1008 Catilinam
902 943 1039 1008 excitavi
1062 945 1158 1026 atque
1178 965 1251 1006 eum
1273 943 1312 1008 de
1329 943 1384 1008 his

205 1033 301 1108 rebus
324 1032 405 1096 iussi
429 1033 457 1096 si
480 1031 557 1115 quid
578 1032 692 1113 vellet,
721 1053 802 1117 quae
827 1032 942 1097 adme
966 1031 1093 1097 adlatae
1117 1035 1241 1114 essent,
1268 1031 1384 1097 dicere.

206 1125 305 1204 atque
328 1121 399 1204 ille,
426 1124 463 1185 ut
487 1141 613 1204 semper
635 1119 698 1185 fuit
722 1121 962 1204 apertissimus,
989 1141 1056 1184 non
1079 1141 1112 1184 se
1135 1120 1303 1205 purgavit,
1324 1120 1383 1185 sed

205 1209 363 1274 indicavit
391 1212 487 1292 atque
516 1207 636 1274 induit:
669 1212 740 1273 tum
763 1209 849 1274 enim
878 1209 959 1273 dixit
988 1208 1051 1274 duo
1076 1230 1213 1292 corpora
1242 1231 1310 1274 esse
1332 1209 1383 1274 rei

204 1298 366 1383 publicae,
393 1320 494 1362 unum
523 1298 640 1382 debile,
669 1298 799 1363 infirmo
821 1298 948 1382 'capite3
980 1297 1119 1362 alterum
1143 1297 1284 1372 firmum,
1312 1298 1383 1362 sine

204 1387 325 1471 capite:
357 1386 446 1471 huic,
474 1387 503 1452 si
529 1386 576 1452 ita
604 1387 700 1451 dese
728 1387 880 1452 meritum
904 1389 1002 1470 esset,
1030 1389 1128 1470 caput
1155 1407 1189 1451 se
1212 1387 1284 1451 vivo
1312 1407 1382 1452 non

204 1475 397 1541 defuturum.
448 1475 634 1559 congemuit
671 1479 802 1540 senatus
833 1475 984 1558 frequens
1021 1495 1125 1557 neque
1157 1477 1266 1540 tamen
1300 1474 1382 1540 satis

205 1585 314 1628 severe
338 1586 397 1648 pro
421 1564 469 1628 rei
486 1564 682 1649 indignitate
706 1564 861 1646 decrerit:
883 1585 960 1628 narn
984 1562 1103 1646 partim
1126 1562 1199 1628 ideo
1221 1562 1323 1628 fortes
1345 1563 1382 1629 in

205 1652 403 1717 decernendo
427 1655 613 1737 nouerant,
638 1653 713 1737 quia
731 1652 814 1718 nihil
832 1652 1001 1735 timebant,
1023 1651 1153 1736 partim,
1176 1651 1251 1735 quia
1270 1653 1383 1717 omnia

203 1741 376 1806 timebant:
408 1741 518 1825 itaque
554 1742 660 1826 erupit
689 1763 707 1806 e
739 1745 854 1806 senatu
885 1739 1091 1823 triumphans
1120 1740 1251 1826 gaudio,
1285 1762 1382 1824 quem

205 1830 336 1895 omnino
364 1829 473 1894 vivum
505 1829 597 1894 illinc
630 1830 715 1895 exire
747 1851 814 1894 non
847 1832 1051 1913 oportuerat,
1084 1830 1275 1911 praesertim
1307 1851 1382 1894 curn

205 1918 291 1983 idem
314 1919 369 1982 ille
398 1919 433 1984 in
463 1918 575 1984 eodem
600 1919 710 1984 ordine
738 1918 849 2002 paucis
874 1918 987 1983 diebus
1010 1920 1085 1981 ante
1114 1916 1245 2000 Catoni,
1272 1917 1383 1982 fortis-

206 2007 288 2072 simo
312 2007 397 2090 viro,
424 2007 579 2072 iudicium
602 2009 769 2072 minitanti
798 2029 835 2072 ac
863 2007 1067 2071 denuntianti
1095 2006 1326 2090 respondisset,
1355 2007 1383 2071 si

204 2197 355 2282 Wahl‘als
373 2196 482 2252 Ko'nsul
505 2199 647 2281 schreiten
664 2200 765 2280 perde.
821 2199 870 2252 der
889 2197 1003 2279 grossen
1018 2197 1119 2253 Klasse
1137 2195 1382 2280 derUBedriielrtuen

205 2268 767 2410 uitta.'t'ttttttttzfftt
819 2267 1383 2420 sttillinistireattulit

205 2410 354 2480 Marianer,
372 2427 423 2481 pro
439 2411 517 2466 Sulla
527 2417 561 2466 49
581 2413 709 2481 ereptum
723 2428 766 2466 re·
820 2412 870 2464 der
892 2409 1073 2465 besitzenden
1092 2409 1193 2465 Klasse
1215 2413 1314 2478 ister,
1338 2412 1383 2466 als

205 2484 301 2551 petere
320 2499 368 2538 vos
393 2481 591 2538 clamitabatis.
610 2485 723 2538 -dux
742 2489 767 2538 et
820 2481 905 2536 deren
928 2482 985 2535 dux
1008 2485 1037 2537 et
1059 2481 1174 2551 signifer
1197 2497 1227 2536 er
1250 2481 1310 2536 sich
1333 2499 1381 2536 an·

204 2553 331 2623 eipoifea
350 2569 401 2622 pro
415 2552 510 2609 Plano.
527 2558 560 2609 74
574 2555 686 2609 nostrae
701 2571 765 2608 cau·
819 2551 922 2619 hietat,
949 2569 1031 2607 wenn
1060 2569 1089 2606 er
1118 2551 1205 2606 durch
1231 2552 1293 2608 ihre
1315 2553 1382 2607 Mit-

205 2639 253 2678 sae
280 2624 364 2678 duces
387 2626 417 2678 et
439 2623 520 2692 quasi
547 2623 687 2694 signiferi:
714 2642 766 2706 pro
820 2621 890 2678 hilfe
904 2640 966 2696 curn
979 2622 1118 2678 Konsulat
1131 2623 1248 2692 gelangt
1262 2623 1319 2690 sei;
1334 2625 1383 2678 da-

208 2691 289 2750 Sulla
308 2701 343 2749 34
366 2711 431 2750 cum
449 2697 548 2751 auctor
566 2712 630 2750 oum
649 2695 767 2766 signifer
820 2695 871 2749 her
894 2696 919 2748 si
942 2696 984 2750 ito
1007 2696 1039 2750 dc
1057 2711 1085 2750 ee
1102 2695 1229 2750 meritum
1246 2699 1319 2750 esset.
1346 2725 1381 2736 -

208 2765 284 2842 esset
301 2765 463 2821 iuventutis.
820 2781 905 2834 neque
931 2771 1022 2820 tomen
1049 2766 1118 2820 sotis
1150 2781 1251 2835 omae,
1286 2764 1383 2821 Cicero

820 2836 966 2891 wiinschte
993 2835 1225 2892 wahrscheinlich
1258 2835 1301 2891 bis
1333 2837 1384 2890 auf

241 2912 284 2962 51.
312 2912 371 2964 tum
392 2907 493 2977 ἐρίων,
521 2908 571 2964 der
593 2908 646 2962 mit
668 2909 767 2964 memi-
821 2905 949 2961 welteres
969 2905 1030 2962 eine
1043 2906 1208 2976 Vertugung
1223 2908 1272 2964 der
1286 2907 1382 2974 Wahl,

206 2978 289 3033 nistis
307 2977 473 3049 begonncue
492 2979 557 3034 Sata
575 2979 645 3034 wird
663 2979 768 3034 wieder
821 2995 869 3032 um
892 2977 1018 3032 daduroh
1037 2977 1121 3033 Catil.
1149 2979 1240 3034 seiner
1262 2983 1383 3034 auswtr-

205 3048 429 3120 aufgenommen.
453 3051 507 3104 Zur
520 3050 612 3106 Sache
625 3049 683 3119 vgl.
698 3049 770 3106 Einl.
824 3047 906 3117 tigen
937 3047 1125 3118 Stimmgeber
1161 3067 1195 3104 au
1231 3048 1384 3104 bersaben.

205 3137 234 3189 p.
258 3127 283 3176 2.
318 3152 350 3160 —
382 3125 414 3176 ut
431 3151 466 3162 -
480 3137 633 3190 possemus,
659 3121 769 3176 Senato-
823 3117 919 3174 Allein
937 3119 987 3174 der
1002 3119 1087 3174 Sonat
1104 3117 1174 3189 ging
1190 3118 1270 3173 nicht
1283 3119 1388 3174 darauf

207 3191 319 3260 sitzung
336 3191 393 3244 und
406 3190 551 3246 Komitien
564 3192 677 3246 durften
690 3191 771 3246 nicht
827 3189 874 3244 ein
888 3190 944 3244 und
960 3191 1058 3245 darum
1071 3190 1183 3246 verliels
1195 3189 1275 3245 Catil.
1286 3189 1386 3244 trium·

206 3260 260 3323 auf
274 3259 430 3316 denselben
447 3261 507 3330 Tag
526 3262 622 3318 fallen.
649 3292 683 3302 —
710 3261 768 3318 Cat.
822 3260 959 3331 phierend
980 3263 1050 3316 iiber
1073 3261 1118 3317 die
1137 3260 1308 3330 Niederlage
1332 3261 1385 3316 sei·

207 3348 277 3398 acc,
309 3331 366 3385 ‘ioh
389 3331 461 3388 hiele
484 3332 539 3388 deu
564 3331 686 3388 Catilina
709 3332 769 3387 auf·
822 3349 872 3387 nes
886 3332 1217 3402 persdnliobenGegners
1232 3331 1385 3390 dieKurie.

208 3401 329 3458 stehen'.
363 3433 397 3446 --
430 3405 631 3473 apertissimus,
659 3405 785 3460 ‘unver-·
822 3403 879 3458 Das
902 3419 961 3474 sog.
987 3402 1119 3458 ultimum
1138 3406 1251 3458 senatus
1275 3405 1383 3458 consul·

206 3473 323 3542 froren',
342 3474 398 3543 vgl.
414 3474 492 3530 Verr.
507 3473 542 3543 ll,
558 3481 591 3530 '11
607 3475 767 3547 cognoscite
820 3477 881 3530 tum
905 3475 1045 3544 (rideant
1063 3475 1201 3530 consulee’
1227 3475 1292 3542 eta.)
1316 3474 1385 3530 kam

207 3542 331 3600 bominis
350 3549 473 3614 apertam
491 3562 524 3600 ac
542 3563 598 3600 non
613 3547 698 3602 modo
712 3562 769 3600 non
822 3547 880 3600 erut
897 3563 943 3599 am
962 3551 1005 3601 21.
1020 3543 1146 3600 Oktober
1164 3562 1197 3599 au
1212 3546 1319 3612 stende,
1339 3562 1385 3600 wo

207 3617 330 3686 ratione,
349 3616 399 3671 sed
416 3633 453 3671 ne
471 3617 691 3672 dissimulatione
708 3619 768 3686 qui·
823 3615 879 3672 Cio.
910 3617 955 3671 die
979 3616 1066 3670 Pldne
1090 3617 1139 3671 der
1162 3615 1386 3688 Verschwdrung

207 3687 267 3742 dem
285 3693 382 3743 tectam
404 3687 616 3760 improbitatem
636 3690 664 3742 et
683 3688 769 3742 auda·
821 3686 861 3742 im
887 3685 983 3742 Detail
1010 3686 1197 3742 denunciorte.
1226 3718 1260 3728 —
1286 3686 1384 3742 triton·

209 3757 291 3812 ciam.
310 3788 344 3798 -
362 3774 397 3814 se.
413 3799 420 3813 .
437 3800 442 3814 .
458 3800 465 3813 .
480 3760 582 3826 induit,
600 3777 648 3812 aur
662 3759 769 3813 Bedeu·
821 3759 909 3827 pltare
926 3757 1030 3827 pacidio
1049 3759 1134 3828 (noch
1153 3758 1263 3812 starker
1282 3758 1324 3812 als
1338 3775 1384 3813 eec-

206 3829 280 3898 tung
302 3829 359 3898 vgl.
382 3828 460 3884 Verr.
480 3828 507 3886 Il
532 3835 582 3884 102
606 3830 653 3884 hic
675 3829 770 3886 videte
822 3829 926 3884 sultare
943 3831 983 3899 g.)
1001 3833 1066 3899 aagt
1080 3829 1135 3886 Cio.
1155 3831 1227 3884 auch
1245 3831 1331 3896 sonet,
1351 3845 1384 3884 so

207 3899 238 3953 in
261 3903 331 3968 quot
352 3915 382 3954 se
405 3901 515 3970 laqueos
536 3901 671 3967 induerit3
699 3901 768 3958 ibid.
824 3899 932 3955 Cluent.
952 3905 967 3966 ξ
988 3905 1068 3968 14,·e
1091 3943 1097 3955 .
1117 3901 1175 3956 Att.
1196 3907 1220 3967 9,
1242 3905 1284 3966 16,
1303 3905 1329 3958 2.
1348 3931 1382 3940 -

208 3974 286 4036 §106
301 3969 403 4038 videte,
422 3973 462 4040 ut,
481 3972 548 4026 dum
566 3973 693 4042 capedire
707 3989 768 4027 sese
822 3975 988 4040 oportuerat,
1007 3971 1057 4026 das
1069 3918 1384 4040 l³lusquamperfectum

208 4040 279 4109 volt,
296 4041 405 4098 induat.
438 4071 472 4082 -
505 4043 569 4098 taio
588 4074 622 4084 —
640 4048 724 4112 caput
740 4059 768 4098 se
823 4041 872 4098 des
881 4040 1026 4097 Indilrativ
1035 4043 1111 4098 steht
1120 4061 1168 4097 um
1178 4042 1228 4096 das
1242 4039 1384 4096 Deutsche
1495 4047 1496 4056 ¹

91 4116 96 4126 “
208 4128 266 4168 non
284 4113 348 4179 defi,
367 4111 449 4167 Catil.
469 4112 529 4166 will
547 4112 607 4168 sicli
626 4113 706 4168 nicht
725 4130 767 4168 so·
824 4113 882 4167 ‘ich
900 4113 980 4169 batte
999 4114 1123 4168 mtiseen’
1143 4131 1170 4170 u.
1191 4131 1212 4167 s.
1232 4131 1263 4167 w.
1285 4127 1385 4166 auszu·

207 4183 285 4238 wohl
306 4184 348 4238 als
372 4182 423 4238 das
444 4182 575 4240 fehlende
597 4182 694 4253 Haupt
719 4185 769 4238 der
823 4183 959 4252 drdclrem
991 4200 1073 4238 wenn
1104 4203 1137 4238 zu
1169 4187 1306 4252 erg'anzen
1333 4181 1383 4238 ist:

208 4253 392 4324 Vollrepartei
423 4252 575 4310 hinetellcn
606 4256 768 4325 gegendber
823 4255 890 4310 aber
909 4271 938 4310 es
958 4254 1173 4379 warffdamals)
1193 4273 1227 4308 zu
1241 4256 1314 4323 spat,
1333 4253 1384 4310 das

209 4324 259 4379 der
278 4324 483 4393 Senatspartei‚
507 4326 628 4381 sondern
650 4325 696 4380 die
719 4340 768 4380 aus
822 4324 895 4380 Perf.
907 4325 955 4382 bei
964 4326 1014 4380 der
1047 4330 1205 4395 rgtnaung:
1220 4324 1384 4395 abarJ'etat
