3026 4812
226 198 271 262 20
623 194 660 250 Μ.
678 193 799 250 TULLII
817 192 1010 250 CICERONIS

182 340 219 457 {4¹
230 381 356 426 summa
370 358 512 445 dignitas
531 358 635 423 estin
654 358 708 442 cis,
727 358 783 441 qui
801 356 936 422 militari
954 355 1049 421 laude
1064 349 1274 440 antecellunt,
1294 358 1415 423 omnia

226 451 327 534 onim,
354 469 436 533 quae
464 449 541 512 sunt
567 447 603 512 in
630 445 767 531 imperio
791 447 882 510 etin
906 448 994 510 statu
1019 445 1174 525 civitatis,
1202 446 1243 511 ab
1273 446 1321 511 eis
1351 446 1414 511 de·
1447 445 1452 456 '

225 539 314 604 feudi
347 542 380 602 et
406 536 544 601 firmari*
559 537 727 621 putantum
762 557 888 600 summa
916 534 1015 599 etiam
1044 534 1184 618 utilitas,
1216 535 1244 600 si
1272 535 1413 620 quidem

226 649 348 692 eorum«
362 625 497 692 consilio
526 627 559 690 et
581 624 726 709 periculo
755 645 830 689 cum
852 645 886 688 re
909 623 1040 707 publica
1063 625 1133 688 tum
1156 624 1256 689 etiam
1278 625 1412 690 nostris
1482 671 1485 694 ⁴

225 716 323 780 rebus
347 715 469 799 perfrui
491 735 673 798 possumus.
715 713 826 798 gravis
850 713 949 778 etium
972 713 1029 776 illa
1052 715 1102 777 est
1125 716 1157 777 et
1180 713 1278 798 plene
1298 712 1412 798 digni·

225 806 305 870 tatis
332 803 486 886 [dicendi]
511 803 659 885 facultas,
683 823 764 887 quae
784 823 882 885 saepe
898 801 1002 866 valuit
1019 802 1204 868 inconsule
1223 803 1411 888 deligendO,

224 915 322 980 posse
351 892 487 958 consilio
516 894 613 977 atque
642 891 788 956 oratione
817 895 850 955 et
873 894 1006 956 senatus
1034 894 1067 954 et
1089 891 1203 974 populi
1226 895 1259 956 et
1283 913 1411 977 eorum,
1484 953 1485 974 2

225 984 281 1068 qui
294 1003 346 1047 res
357 981 510 1063 iudicant,
523 984 650 1044 mentes
664 1000 866 1064 permovere:
881 979 1049 1063 quaeritur
1062 980 1185 1063 consul,
1199 981 1255 1064 qui
1266 980 1404 1046 dicendo

224 1094 293 1138 non
319 1091 488 1154 nunquam
515 1069 708 1153 comprimat
734 1068 924 1133 tribunicios
952 1068 1093 1152 furores,
1119 1069 1174 1152 qui
1202 1070 1409 1134 concitatum

225 1161 383 1245 populum
400 1159 519 1242 flectat,
543 1159 598 1242 qui
616 1157 788 1242 largitioni
806 1157 949 1222 resistat:
977 1178 1044 1221 non
1062 1157 1190 1240 mirum,
1209 1157 1238 1222 si
1255 1159 1298 1223 ob
1317 1157 1407 1224 hunc

225 1249 416 1314 facultatem
425 1246 574 1312 homines
590 1267 686 1331 saepe
697 1247 796 1310 etiarn
809 1268 876 1311 non
887 1246 1012 1310 nobiles
1022 1247 1228 1312 consulatum
1237 1248 1407 1312 consecuti

226 1341 313 1422 sunt,
329 1337 521 1421 praesertim
541 1359 617 1402 cum
633 1336 714 1401 haec
732 1335 844 1400 eadem
857 1356 909 1399 res
927 1334 1083 1418 plurimus
1103 1335 1236 1420 gratius,
1254 1336 1405 1402 firmissi-

226 1449 296 1492 mus
321 1425 495 1508 amicitias,
522 1426 664 1490 maxima
692 1424 800 1490 studia
827 1425 949 1508 pariat,
977 1445 1112 1506 quorum
1140 1424 1175 1488 in
1203 1425 1267 1490 isto
1290 1427 1403 1490 restro

187 1525 212 1566 2⁵
227 1515 379 1597 artificio,
412 1513 548 1599 Sulpici,
580 1513 664 1578 nihil
696 1518 759 1578 est:
791 1513 933 1597 primum
968 1513 1111 1596 dignitas
1144 1513 1180 1577 in
1211 1518 1280 1596 tam
1312 1515 1406 1578 tenui

226 1604 361 1670 scientia
378 1624 446 1667 non
463 1607 573 1688 potest
591 1623 672 1687 esse,
695 1623 745 1666 res
765 1603 852 1672 enim
870 1605 947 1666 sunt
964 1623 1092 1686 parvae,
1115 1624 1217 1687 prope
1236 1603 1271 1667 in
1291 1603 1403 1688 singu-

225 1693 268 1758 lis
286 1692 406 1757 litteris
426 1695 522 1775 atque
541 1691 856 1775 interpunctionibus
876 1691 1047 1755 verborum
1066 1695 1255 1776 occupatam
1277 1691 1402 1777 deinde,

225 1781 372 1847 etiamsi
392 1780 468 1865 quid
492 1780 577 1865 apud
596 1779 735 1844 maiores
753 1783 884 1846 nostros
906 1778 969 1844 fuit
991 1780 1026 1843 in
1048 1779 1112 1845 isto
1131 1781 1238 1845 studio
1261 1780 1402 1846 admiru-

225 1870 340 1955 tionis,
366 1869 400 1934 id
428 1869 605 1934 enuntietis
628 1869 747 1934 vestris
775 1868 940 1953 mysteriis
967 1872 1075 1933 totum
1102 1874 1153 1934 est
1180 1874 1405 1954 contemptum

226 1963 259 2026 et
282 1959 453 2024 abiectum.
496 1962 609 2042 posset
632 1958 686 2044 agi
709 1959 780 2041 lege
807 1979 907 2022 neone
930 1957 1026 2041 pauci
1050 1957 1214 2042 quondam
1239 1959 1401 2043 sciebant3

230 2240 324 2297 omnia
343 2239 462 2294 consilto
483 2239 616 2308 factaque
635 2240 732 2293 nostra
750 2239 790 2292 di-

228 2311 347 2382 rigenda
365 2312 438 2384 suut.

263 2381 311 2449 XI,
329 2387 373 2436 24.
396 2381 516 2437 milliari
533 2381 624 2448 laude,
642 2386 658 2447 ξ
678 2386 712 2435 29
731 2381 792 2451 glo-

227 2454 271 2510 ria
283 2453 424 2523 militaris,
438 2452 649 2523 gewthnlicher
662 2452 723 2506 laus
732 2452 792 2507 bel·

228 2526 293 2580 lica.
313 2556 346 2568 -
365 2529 431 2579 3331
443 2525 519 2579 ia=
529 2521 672 2592 pertinent
686 2523 737 2590 ad,
756 2522 791 2578 (13

228 2612 268 2651 or.
279 2603 305 2664 2,
316 2601 332 2650 3
342 2596 447 2650 nullius
461 2595 502 2649 rei
512 2611 583 2663 quae
593 2594 707 2664 quidem
718 2594 793 2648 esset

228 2666 259 2721 in
276 2667 321 2721 his
340 2666 457 2721 artibus.
486 2695 521 2705 -
547 2669 637 2732 31313,
659 2663 792 2733 Bestand‚

231 2737 404 2805 Sicherheit,
422 2754 474 2807 pro
494 2735 564 2791 dest
585 2742 610 2791 1.
629 2767 663 2777 -
682 2737 793 2803 defendi

231 2813 257 2864 ct
268 2809 386 2876 firmari,
400 2813 416 2874 ξ
430 2814 464 2862 29
479 2808 540 2862 sine
555 2806 716 2862 defensioue
731 2824 792 2863 oru-

231 2878 302 2935 toris
312 2880 393 2934 firma
403 2895 463 2934 esse
472 2895 528 2934 non
537 2884 661 2948 possunt.
677 2909 711 2918 —
729 2894 792 2934 con-

230 2952 294 3008 eilio
313 2956 338 3006 ct
346 2951 482 3035 periculo,
499 2949 530 3005 in
544 2949 602 3034 (lat.
618 2955 644 3017 2,
660 2955 706 3018 143
726 2955 791 3016 3,1.

231 3022 795 3176 intellectualitati:

232 3181 294 3220 cum
316 3180 417 3232 resque
439 3165 564 3232 privatus
587 3179 712 3218 omnium
730 3180 795 3232 pos·

233 3235 350 3303 sideret;
366 3235 426 3290 Liv.
438 3241 463 3300 3,
473 3240 517 3303 38,
528 3240 559 3289 11
572 3250 740 3302 suarumque
754 3251 794 3289 re·

231 3323 295 3360 rum
310 3307 391 3360 erant
405 3306 509 3361 amissa
523 3305 645 3374 publicu.
661 3336 695 3344 —
705 3321 796 3374 posce,

232 3376 397 3433 erkl'arende
412 3375 636 3446 Umschreibung
654 3395 688 3430 au
706 3376 794 3430 lucul-

231 3451 284 3504 tus.
304 3477 339 3488 —-
358 3464 430 3504 3333.
449 3453 530 3518 atquc
543 3453 626 3516 orat,
644 3446 676 3502 in
690 3447 749 3502 Oet.
765 3453 790 3518 2,

233 3526 266 3574 17
286 3517 405 3590 singulis
429 3519 596 3574 medicinam
619 3517 731 3574 consilii
749 3521 792 3574 at-

232 3608 287 3660 que
305 3589 440 3647 orationis
458 3605 537 3645 meae
556 3590 581 3644 si
595 3606 680 3659 quam
694 3591 792 3660 potero

132 3705 135 3710 .
229 3661 352 3720 afferam.
369 3693 401 3702 -
418 3667 568 3718 3133331333
582 3691 615 3700 -—
627 3677 790 3730 permovere,

230 3734 333 3788 ebenso
352 3734 387 3789 (13
406 3750 444 3788 or.
468 3739 495 3801 1,
514 3739 548 3787 31
572 3731 641 3802 quid
664 3734 724 3786 tam
742 3749 792 3802 po-

229 3806 293 3858 tens
311 3807 427 3873 tamque
446 3803 626 3875 magnificum
644 3819 729 3872 quam
741 3820 792 3872 po·

230 3874 291 3944 puli
310 3877 412 3942 motus,
430 3875 556 3930 iudicum
573 3874 731 3944 religIones,
751 3891 792 3930 se·

229 3947 314 4000 natus
349 3945 518 4015 gravitatem
549 3945 631 4000 unius
665 3945 791 4001 erutione

231 4017 375 4072 converti?
394 4016 429 4071 (13
447 4016 492 4071 off.
511 4021 537 4083 2,
551 4021 586 4071 49
606 4019 634 4071 et
652 4017 728 4086 apud
752 4016 792 4072 iu-

844 2237 890 2306 iet,
905 2244 920 2304 3
934 2244 968 2294 42
983 2237 1012 2295 L.
1027 2239 1161 2294 Murenae
1175 2236 1320 2308 provincia
1332 2239 1405 2293 mul-

845 2311 890 2364 tas
912 2311 1000 2364 bonas
1023 2310 1130 2379 gratias
1153 2311 1264 2379 attulit;
1288 2309 1406 2380 (131333

845 2397 905 2450 agr.
932 2387 963 2449 2,
983 2387 1049 2449 3,7
1078 2380 1279 2437 excellentibus
1306 2381 1406 2452 gratiis

844 2453 1405 2591 ppprtporpnp13—millepobherabsetzend,

846 2539 858 2576 s
934 2540 1131 2592 sumam
1202 2569 1208 2581 .

881 2599 927 2650 25.
944 2597 1021 2651 temet
1034 2597 1157 2651 sotevilla.
1181 2595 1217 2650 So
1231 2595 1302 2650 wird
1316 2598 1351 2650 de
1365 2613 1404 2651 or.

848 2673 872 2731 1,
893 2671 943 2720 129
963 2668 1008 2722 die
1028 2666 1281 2736 Schauspielkunst
1299 2668 1345 2721 ein
1362 2683 1404 2720 ar-

846 2737 965 2792 tificium
978 2753 1115 2808 perquam
1129 2738 1214 2792 tenue
1227 2741 1359 2808 genennt.
1371 2769 1404 2778 —

846 2811 954 2875 lictoris,
973 2807 1008 2862 ct.
1026 2825 1054 2876 p.
1074 2807 1183 2864 Caecin.
1203 2814 1267 2874 §65
1287 2809 1406 2878 aucupia

846 2880 995 2934 verborum
1014 2882 1043 2933 et
1061 2878 1221 2936 litterarum
1238 2879 1404 2948 tendiculas,

845 2951 884 3007 ib.
903 2955 966 3017 §⁷7
985 2951 1070 3006 verbo
1093 2967 1126 3006 ac
1148 2950 1246 3007 littera
1262 2952 1306 3006 ius
1325 2968 1405 3008 omne

845 3022 985 3090 torquem
999 3039 1029 3078 es
1044 3022 1127 3078 droht
1141 3023 1201 3077 sich
1214 3023 1279 3078 dort
1291 3041 1339 3087 um
1353 3022 1405 3077 deu

849 3093 1034 3149 Unterschied
1053 3094 1103 3148 der
1115 3094 1213 3149 Worte
1228 3092 1336 3147 deicere
1348 3093 1407 3148 und

848 3163 952 3220 reicere
962 3165 1406 3236 (odereicere).—intcrpnactio-

848 3236 939 3303 nibem,
958 3237 1005 3291 ein
1023 3231 1102 3301 ἅπαξ
1120 3232 1290 3303 lacrimaee,
1312 3234 1346 3288 de
1366 3251 1404 3291 or.

849 3312 941 3375 3,181
960 3309 1037 3363 steht
1055 3306 1136 3361 defin
1153 3304 1333 3374 interpuncta
1346 3322 1404 3361 vcr-

846 3379 956 3434 borum.
984 3379 1038 3433 Ein
1050 3375 1173 3447 Beispiel
1191 3375 1282 3432 dieser
1297 3375 1401 3432 Silben-

849 3449 987 3504 stecherei
1005 3450 1043 3503 ist
1062 3449 1113 3503 dus
1130 3465 1187 3503 von
1206 3447 1402 3515 (laminitani,

847 3525 872 3588 9,
882 3525 899 3574 8
910 3520 1089 3589 angefiihrter
1101 3519 1283 3575 ‘testamento
1293 3519 1404 3588 quidum

846 3591 929 3646 iussIt
946 3590 1015 3660 poni
1028 3592 1152 3646 statuam
1167 3606 1280 3654 auream
1293 3590 1403 3644 hastam

846 3661 1012 3729 tenentem’,
1035 3678 1079 3717 wo
1098 3663 1144 3720 die
1163 3662 1329 3730 Streitfrage
1347 3663 1403 3717 ent-

848 3732 931 3787 stand
951 3733 1059 3788 ‘statua
1077 3734 1190 3788 hastam
1207 3734 1307 3787 tenens
1322 3747 1403 3787 aurea

847 3819 908 3858 esee
927 3804 1038 3872 debeat,
1058 3823 1094 3861 an
1107 3805 1190 3861 hasta
1204 3819 1263 3860 esse
1278 3819 1362 3858 uurea
1373 3801 1403 3856 in

847 3877 943 3929 statua
956 3875 1073 3931 alterius
1087 3875 1243 3932 materiae'.
1257 3905 1293 3916 -—
1310 3879 1402 3945 333313-

846 3945 1401 4015 riis,deor.1,206illadicendimysteriu.

846 4045 881 4057 -
891 4022 987 4085 totum,
1001 4025 1061 4085 §80
1072 4021 1196 4074 vestrum
1205 4034 1274 4073 vero
1283 4017 1402 4072 studium

231 4088 308 4143 dices
326 4092 357 4143 et
374 4087 449 4156 apud
466 4087 603 4158 populum
617 4089 646 4142 et
660 4089 735 4158 apud
749 4105 792 4142 se·
845 4089 939 4144 totum
957 4089 1039 4146 iacet.
1059 4122 1092 4130 —
1117 4095 1297 4159 contemptum
1314 4094 1340 4144 et
1356 4090 1402 4144 31-
1484 4127 1485 4134 1

230 4161 330 4215 natum
339 4157 465 4213 dicendo.
474 4189 508 4199 —
518 4159 733 4228 deprecativis
743 4158 793 4214 der
846 4160 1080 4231 1331333131333
1095 4177 1153 4230 agr.
1169 4167 1194 4230 2,
1209 4167 1243 4216 93
1257 4177 1342 4229 quem
1354 4161 1401 4214 ho·

231 4231 280 4286 des
296 4229 397 4286 Rullus
415 4229 504 4285 durch
521 4231 596 4286 scine
614 4230 660 4283 lex
758 4230 792 4284 ’3.
845 4231 950 4288 minem
966 4275 972 4288 .
988 4275 994 4286 .
1010 4274 1017 4287 .
1031 4233 1138 4288 Romae
1152 4233 1346 4300 contemptum
1356 4232 1402 4286 ab·

231 4332 265 4342 —-
273 4303 412 4372 plurimus
420 4303 536 4373 pretias,
550 4302 599 4356 der
607 4298 661 4354 Plu
705 4341 713 4369 ,
726 4300 793 4354 weil
845 4301 949 4360 iectum
963 4303 1136 4359 videbamus.
1155 4335 1189 4346 -
1208 4301 1401 4374 (3113331333

230 4389 286 4428 von
310 4373 359 4429 der
377 4372 470 4444 gratia
487 4373 630 4427 mehrerer
648 4369 695 4426 die
712 4370 791 4426 Reda
848 4389 931 4443 agere
954 4374 1041 4430 heilst
1066 4375 1128 4430 ‘auf
1143 4374 1240 4430 Gruud
1259 4373 1401 4430 31333113-
1484 4377 1485 4470 1
