3026 4812
226 219 271 285 34
624 218 661 274 ll.
680 217 802 273 TULLII
821 215 1013 275 CICERONIS

225 382 370 448 motione
389 382 508 448 attulit.
544 381 659 447 habuit
681 381 888 466 proficiscens
912 381 1064 447 dilectum
1087 381 1123 446 in
1142 379 1294 446 Umbria:
1318 381 1425 448 dedit
1487 399 1488 428 ι

228 472 258 536 ei
283 469 474 536 facultatem
501 493 553 535 res
581 470 713 555 publica
740 468 962 551 liberalitatis,
993 491 1057 554 qua
1083 491 1162 535 usus
1188 470 1311 536 multae
1346 471 1424 536 sibi
1487 479 1488 530 i

227 559 346 641 tribus,
379 580 462 644 quae
489 558 673 642 municipiis
701 557 858 628 Umbriae
886 559 1114 642 conficiuntur,
1143 559 1304 643 adiunxit,
1336 559 1427 644 ipsa

229 651 338 714 autem
366 648 402 712 in
430 645 538 712 Gallia
564 649 601 712 ut
629 647 736 712 nostri
763 646 912 712 homines
942 647 1130 731 desperatas
1158 649 1225 712 iam
1251 649 1422 731 pecunias

229 737 412 822 exigerent,
438 736 602 820 aequitate
630 735 861 820 diligentiaque
884 734 1029 819 perfecit.
1074 740 1111 799 tu
1134 736 1258 800 interea
1281 735 1424 802 Romae

230 826 354 891 scilicet
382 825 494 891 amicis
523 827 653 908 praesto
682 823 790 907 fuisti,
822 823 941 889 fateor:
970 823 1026 889 sed
1048 823 1267 892 tamenillud
1291 827 1425 910 cogita,

228 935 296 980 non
318 913 485 989 nullorum
508 912 686 978 amicorum
709 913 817 978 studia
839 913 942 978 minui
966 914 1070 979 solere
1092 913 1127 978 in
1150 933 1219 998 eos,
1247 934 1267 977 a
1291 914 1419 999 quibus

228 1001 414 1088 provincias
439 1003 604 1066 contemni
627 1002 829 1086 intellegunt.
1057 1079 1059 1084 Ι

318 1089 365 1156 Et
388 1090 543 1176 quoniam
566 1091 702 1172 ostendi,
724 1089 856 1173 iudices,
879 1111 990 1174 parem
1014 1089 1206 1175 dignitatem
1230 1089 1271 1154 ad
1294 1111 1422 1156 consu-

229 1180 316 1245 latus
339 1179 541 1264 petitionem,
564 1179 613 1243 dia
638 1201 728 1244 arem
745 1178 912 1244 fortunam
934 1178 1184 1264 provincialium
1201 1179 1418 1264 negotiorum

230 1268 266 1333 in
282 1267 418 1333 Murena
441 1272 537 1353 atque
558 1267 593 1332 in
611 1201 753 1352 bulpicio
777 1268 887 1350 fuisse,
910 1267 1016 1333 dicam
1035 1267 1101 1333 iam
1120 1268 1265 1351 apertius
1288 1268 1323 1332 in
1344 1291 1419 1353 quo

230 1379 321 1422 meus
344 1356 546 1422 necessarius
574 1355 674 1422 fuerit
700 1356 837 1422 inferior
861 1354 1036 1440 [Servius],
1064 1360 1097 1420 et
1119 1376 1157 1420 ea
1182 1355 1290 1422 dicam
1312 1357 1418 1423 vobis

231 1446 452 1527 audientibus,
484 1445 604 1511 amisso
635 1445 702 1510 iam
732 1449 892 1530 tempore,
924 1466 1006 1529 quae
1033 1444 1098 1528 ipsi
1126 1445 1189 1510 soli
1218 1466 1253 1508 re
1279 1445 1417 1530 integra

232 1557 327 1619 saepe
350 1534 428 1600 dixi:
452 1537 562 1618 petere
583 1533 813 1615 [consulatum]
837 1534 964 1598 nescire
982 1537 1025 1615 te,
1048 1529 1150 1616 Servi,
1171 1554 1327 1619 persaepe
1347 1534 1416 1599 tibi

231 1623 312 1708 dixi,
340 1626 373 1687 et
400 1623 435 1688 in
458 1621 505 1686 eis
528 1623 625 1687 rebus
649 1622 742 1706 ipsis,
772 1644 853 1706 quas
876 1626 910 1686 te
933 1641 1053 1707 magno
1082 1624 1114 1687 et
1137 1621 1217 1687 forti
1240 1624 1350 1690 animo
1376 1627 1418 1687 et

232 1731 329 1796 agere
361 1715 394 1777 et
424 1710 529 1775 dicere
556 1710 721 1795 videbam,
751 1712 812 1776 tibi
845 1709 961 1776 solitus
995 1732 1067 1775 sum
1098 1710 1203 1776 dicere
1237 1713 1343 1796 magis
1379 1715 1417 1776 te

231 1800 352 1866 fortem
375 1803 598 1866 accusatorem
625 1799 706 1864 mihi
729 1800 831 1864 videri
860 1821 958 1883 quarn
986 1798 1169 1883 sapientem
1192 1799 1415 1867 candidatum.

232 1889 373 1974 primum
408 1887 581 1954 accusandi
610 1891 750 1952 terrores
784 1891 817 1953 et
846 1888 967 1972 minae,
999 1887 1116 1971 quibus
1146 1891 1182 1952 tu
1212 1886 1331 1954 cotidie
1362 1889 1417 1954 uti

230 1977 375 2062 solebas,
398 1981 476 2044 aunt
498 1976 595 2042 fortis
618 1977 690 2057 riri,
712 1977 768 2042 sed
792 1980 825 2042 et
847 1976 959 2061 populi
979 1975 1165 2060 opinionem
1189 1997 1208 2040 a
1231 1997 1289 2060 spe
1310 1975 1417 2061 adipi·

234 2066 343 2131 scendi
375 2069 526 2132 avertunt
560 2069 593 2130 et
626 2066 803 2131 amicorum
836 2065 944 2130 studia
975 2064 1157 2130 debilitant.
1208 2061 1417 2150 nescioquo

234 2159 330 2239 pacto
355 2175 449 2239 saepe
472 2154 535 2219 hoc
557 2154 595 2218 fit
614 2190 657 2200 -
675 2175 780 2239 neque
803 2154 838 2218 in
861 2175 925 2218 uno
949 2157 1006 2218 aut
1030 2153 1131 2218 altero
1151 2149 1416 2220 animadversdln

234 2247 297 2327 est,
321 2243 377 2308 sed
395 2248 461 2307 iam
474 2243 508 2308 in
523 2243 670 2327 pluribus
687 2279 725 2290 -
743 2242 839 2308 simul
854 2246 952 2326 atque
967 2241 1156 2307 candidatus
1172 2243 1417 2308 accusationem

193 2351 221 2389 44
234 2331 383 2397 meditari
401 2331 489 2397 visus
509 2334 567 2416 est,
585 2335 623 2396 ut
641 2331 797 2396 honorem
818 2330 1006 2415 desperasse
1023 2330 1178 2395 videatur.
1211 2330 1288 2415 quid
1310 2332 1415 2417 ergo?

235 2423 401 2510 acceptam
431 2420 585 2486 iniuriam
616 2421 770 2504 persequi
800 2441 867 2484 non
899 2417 1031 2503 placet?
1072 2419 1173 2484 immo
1202 2420 1417 2486 vehementer

178 1068 219 1126 21

188 1144 216 1185 re

234 2683 354 2740 Gallien.
375 2714 407 2723 -
427 2684 682 2752 boa.prct.,§24.
702 2697 797 2738 -rea
851 2681 1099 2751 vorhergehenden
1127 2681 1330 2738 Beschwerden
1361 2683 1416 2739 des

229 2756 357 2826 publicu,
373 2753 418 2809 die
432 2752 796 2822 damaligenVcrhaltnisae
852 2752 965 2808 Servius
983 2753 1023 2807 im
1038 2753 1140 2807 senate
1159 2753 1228 2808 iiber
1246 2752 1292 2809 die
1306 2756 1414 2824 gesetz-

236 2821 795 2893 desStaata.-cocfica'wnturae'efficiun-
851 2822 968 2892 widrige
998 2823 1174 2893 Bewerbung
1202 2823 1331 2881 Murenae
1363 2841 1415 2880 um

234 2899 290 2952 tur.
310 2927 345 2936 -
363 2897 427 2966 ipsc
444 2893 484 2950 im
503 2895 660 2965 Gegensetz
679 2911 714 2949 zu
732 2895 796 2949 dem
850 2894 900 2949 das
913 2893 1059 2949 Konsulat.
1081 2923 1113 2933 -
1132 2899 1157 2948 et
1174 2909 1253 2964 apere
1271 2900 1296 2950 et
1313 2896 1414 2964 dicere,

235 2966 434 3024 aufderReise
448 2967 599 3024 berdhrten
609 2966 796 3022 Umbriam-
851 2966 886 3020 de
908 2964 976 3033 imp.
1002 2970 1016 3019 1
1038 2965 1117 3020 locus
1141 2965 1178 3018 ad
1196 2967 1335 3035 agendum
1354 2983 1414 3021 am—

234 3039 323 3096 ·noatrc'
343 3039 476 3106 tumim,
499 3037 557 3093 bes.
577 3037 622 3092 die
640 3037 796 3107 publicani,
850 3035 1006 3104 plissimus,
1035 3035 1071 3090 ad
1098 3034 1247 3091 dicendum
1271 3037 1416 3092 ornatissi-

235 3109 282 3165 die
295 3109 486 3178 Kapitalisten
499 3109 529 3163 in
542 3109 621 3164 Rom.
643 3138 676 3148 -
691 3106 795 3162 Romae
848 3122 920 3162 mus.
939 3136 973 3147 -
992 3112 1107 3162 oeworec
1124 3113 1149 3163 et
1166 3109 1266 3173 minae,
1285 3107 1349 3161 sehr
1365 3107 1418 3163 be-

236 3181 430 3236 ccilmanens.
448 3210 481 3222 ·-
494 3181 605 3245 saliret,
620 3178 795 3234 ‘naturlioh'.
848 3177 935 3233 liebte
954 3176 1137 3247 Verbindung
1158 3178 1198 3232 im
1216 3177 1417 3235 Lateinischcn
1492 3191 1493 3206 ¹

237 3250 292 3307 Cic.
311 3250 411 3304 betcnt
432 3249 478 3304 die
496 3249 590 3304 ausser
607 3249 692 3304 allem
711 3249 795 3304 Zwei-
863 3249 953 3318 Aah).
966 3279 999 3289 -
1008 3264 1075 3318 pop.
1087 3251 1171 3318 cpia,
1186 3247 1413 3319 dagleichaspe

236 3320 276 3376 tel
299 3321 433 3376 stehende
457 3318 629 3387 Thatsache,
653 3317 713 3375 dala
733 3318 796 3374 Ser·
862 3320 933 3389 olgt,
947 3319 1138 3388 pleonastisoh
1153 3320 1198 3374 ffir
1211 3319 1356 3390 populum.
1376 3351 1411 3362 —

239 3392 299 3448 vius
339 3390 369 3445 in
405 3391 478 3446 Rom
518 3391 613 3447 seinen
649 3390 796 3445 Freunden
851 3419 884 3432 -
899 3405 977 3460 cepe
990 3391 1233 3458 acipisemdi=a
1246 3391 1366 3461 apciora
1380 3393 1415 3448 ut

236 3463 352 3520 Dienste
369 3462 509 3533 geleistet,
527 3461 615 3516 durch
629 3460 683 3517 den
696 3461 797 3516 Zusatn
851 3460 958 3542 petitor
972 3461 1148 3517 consulatum
1162 3461 1346 3531 adipiscatur;
1365 3462 1414 3516 ad·

237 3552 293 3592 von
308 3532 417 3590 scilicet
429 3532 483 3588 mit
497 3532 588 3588 einem
597 3532 798 3604 gewicseniro·
853 3531 990 3600 apiscendi
1009 3531 1082 3585 ohne
1096 3531 1201 3601 Objckt
1219 3533 1271 3588 wie
1290 3537 1362 3598 §aa
1377 3563 1418 3600 -‚

235 3605 355 3662 nischen
377 3601 524 3671 Austrich‚
548 3604 585 3658 da
607 3619 659 3674 gar
681 3604 799 3658 manche
853 3618 910 3659 urso
924 3607 974 3658 aut
987 3603 1082 3670 altero,
1097 3601 1153 3659 Cic.
1169 3605 1234 3672 sagt
1247 3603 1329 3658 datur
1339 3602 1413 3658 auch

237 3693 294 3733 von
313 3675 384 3732 eben
402 3671 500 3731 dieseri
517 3675 664 3730 Freunden
681 3673 731 3728 ihn
749 3674 799 3730 lie-
854 3689 928 3730 aare
951 3677 976 3727 ct
993 3676 1096 3743 (atque)
1120 3675 1201 3730 alter-
1212 3674 1280 3731 oder
1298 3674 1414 3743 asynde-

238 3747 289 3803 ber
310 3745 341 3802 in
360 3747 437 3802 einer
454 3746 574 3802 Provinz
618 3743 721 3800 eschen
738 3746 800 3800 hac
854 3744 929 3799 ticoh
942 3760 1016 3799 rutae
1030 3746 1099 3800 alter
1114 3746 1267 3816 (Anhang).
1282 3775 1315 3786 -
1330 3746 1411 3801 simut

238 3821 297 3881 ten,
316 3835 363 3872 nm
382 3818 470 3872 durch
488 3817 538 3872 ihn
549 3763 646 3872 selbot
664 3814 726 3870 eine
744 3818 800 3871 An·
855 3821 936 3885 atque
950 3846 984 3856 —
997 3816 1073 3872 ciere
1086 3822 1132 3872 cst.
1152 3814 1203 3871 Bei
1212 3816 1414 3872 wiederholten

239 3888 365 3959 stellung
386 3888 417 3942 in
439 3888 586 3944 derselben
608 3905 643 3942 zu
666 3887 800 3944 erhalten.
855 3885 1053 3958 Handlungen,
1071 3904 1152 3944 wenn
1170 3888 1209 3942 eie
1228 3884 1290 3942 sich
1307 3886 1413 3944 aufdie

276 3959 349 4026 XXI,
363 3963 406 4014 43.
420 3975 499 4029 pron
514 3976 583 4031 nep,
603 3958 645 4014 ‘in
663 3957 717 4014 den
732 3959 802 4012 amt-
857 3957 1026 4028 Gegenwart
1053 3957 1198 4024 beaiehen,
1227 3958 1304 4014 steht
1331 3957 1414 4015 simul

240 4030 334 4086 lichen
352 4029 545 4086 Gesohatten'.
569 4061 604 4072 -
627 4030 727 4087 ambro
744 4030 802 4084 iam
855 4030 940 4098 atque
967 4027 1020 4083 mit
1045 4028 1109 4084 dem
1132 4027 1305 4098 Perfectum,
1335 4045 1414 4084 wenn

240 4107 365 4172 tentpon,
379 4101 414 4155 de
424 4117 502 4172 prov.
512 4108 544 4156 17
558 4101 654 4172 itaque
668 4101 723 4155 hoc
731 4102 801 4156 tem·
856 4099 896 4154 sie
916 4099 976 4154 sich
995 4099 1045 4154 auf
1062 4099 1107 4154 die
1123 4099 1353 4171 Vergangenheit
1365 4099 1413 4154 be-

239 4189 311 4299 gere
327 4171 430 4228 amisso
452 4188 541 4226 annua
565 4175 609 4228 est
624 4172 801 4269 ¹integer‘vo-
855 4169 1413 4255 richen,mitdemPlusquamperfectum.

241 4244 802 4383 alterabilis?ablatis
856 4239 1285 4394 'illitterata
1300 4312 1350 4394 af
1363 4311 1413 4365 a.

241 4389 318 4460 epeia,
332 4383 458 4461 gemeint
472 4384 535 4440 sind
549 4383 594 4442 die
610 4383 800 4453 derAnklage
854 4383 1051 4452 rflolrwersung
1078 4398 1155 4438 emer
1182 4383 1413 4453 unbereehtigten
