3026 4812
207 201 250 268 62
596 203 633 258 M.
653 200 776 257 TULLII
795 199 986 258 CICERONIS

206 365 359 434 mumnc?
385 370 423 431 ut
437 387 518 434 ,earn
539 365 716 452 imaginem
740 363 911 430 clarissimi
933 364 1004 442 viri,
1027 362 1170 448 parentis
1196 363 1255 447 sui,
1279 385 1380 448 quam

205 453 317 537 paucis
346 459 421 520 ante
443 452 561 539 {diebus
588 455 767 519 laureatam
799 453 834 518 in
863 474 921 517 sua
951 451 1170 538 gratulatione
1198 455 1381 536 conspexit,

206 542 341 607 eandem
373 543 587 609 deformatam
618 542 800 628 ignominia
831 543 1060 626 lugentemque
1092 539 1225 606 videat?
1261 563 1304 606 an
1336 543 1380 607 ad

205 635 354 716 matrem,
387 654 468 718 quae
496 633 616 698 misera
643 635 738 696 modo
772 631 935 696 consulem
965 630 1114 694 osculata
1142 629 1245 694 filium
1273 652 1382 714 suum,

203 741 291 785 nunc
313 721 475 786 cruciatur
497 723 529 785 et
553 719 693 786 sollicita
716 724 768 785 est
793 740 834 784 ne
862 718 998 783 eundem
1025 718 1124 803 paulo
1152 722 1227 802 post
1243 719 1378 803 spolia-

164 817 190 858 89
204 811 276 874 tum
303 810 393 874 omni
420 809 580 894 dignitate
607 808 811 893 conspiciat?
861 808 917 872 sed
945 807 1021 892 quid
1050 809 1277 892 ego-matrem
1307 808 1380 873 eius

206 902 263 962 eut
285 897 418 963 domurn
442 893 585 983 appello,
613 919 708 981 quem
730 918 816 962 nora
842 917 948 981 poena
971 896 1052 981 legis
1080 899 1113 959 et
1140 894 1235 961 domo
1264 899 1297 960 et
1319 919 1380 980 pa-

205 989 296 1050 rente
329 990 362 1050 et
390 987 534 1050 omnium
562 1006 693 1051 suorum
727 984 957 1051 consuetudine
981 987 1217 1069 conspectuque
1246 985 1394 1068 privat?

204 1074 266 1138 ibit
288 1074 389 1159 igitur
410 1075 446 1140 in
468 1075 616 1140 exsilium
639 1073 758 1140 miser?
804 1077 888 1158 quo?
934 1072 975 1137 ad
998 1073 1173 1138 orientisne
1195 1076 1320 1158 partes,
1343 1074 1380 1140 in

208 1163 327 1248 quibus
346 1185 449 1229 annos
468 1163 589 1229 multos
608 1163 736 1248 legatus
754 1163 827 1246 fuit,
850 1162 1007 1226 exercitus
1027 1161 1125 1244 duxit,
1148 1182 1199 1226 res
1218 1163 1379 1227 maximas

207 1251 330 1337 gessit?
367 1257 402 1316 at
419 1253 520 1318 habet
540 1272 697 1338 magnum
716 1252 868 1336 dolorem,
891 1251 975 1316 unde
994 1271 1066 1315 oum
1084 1249 1208 1315 honore
1232 1250 1378 1316 decesse-

204 1341 267 1423 ris,
293 1340 405 1406 eodem
428 1363 501 1407 cum
524 1341 706 1426 ignominia
728 1339 856 1406 reverti.
901 1361 942 1404 an
968 1359 1002 1403 se
1025 1339 1060 1403 in
1082 1339 1379 1423 contrariam'par-

204 1433 271 1494 tem
290 1433 450 1495 terrarum
469 1429 575 1512 abdet,
598 1434 635 1494 ut
650 1427 756 1494 Gallia
769 1427 995 1512 Transalpina,
1013 1449 1105 1512 quem
1126 1448 1230 1513 nuper
1248 1450 1378 1494 summo

206 1539 279 1583 cum
305 1519 442 1600 imperio
469 1518 685 1583 libentissime
712 1515 841 1601 viderit,
869 1516 1005 1581 eundem
1028 1516 1207 1601 lugentem,
1234 1538 1377 1582 maeren-

205 1611 272 1671 tem
302 1607 444 1671 exsulem
471 1606 606 1672 videat?
656 1608 691 1672 in
719 1627 757 1671 ee
788 1627 884 1689 porro
912 1605 1078 1690 provincia
1110 1626 1173 1689 quo
1203 1605 1312 1671 animo
1340 1605 1378 1673 Ο.

129 1703 131 1707 ’
206 1693 374 1760 Murenam
397 1695 532 1760 fratrem
561 1717 654 1760 suurn
678 1694 831 1780 aspiciet?
869 1695 924 1777 qui
946 1693 1041 1758 huius
1065 1694 1170 1758 dolor!
1209 1695 1265 1779 qui
1286 1694 1377 1760 illius

202 1787 336 1864 ‘maeror
365 1784 440 1848 erit!
480 1805 562 1869 quae
589 1782 756 1868 utriusque
783 1782 988 1847 lamentatio!
1027 1786 1148 1866 quanta
1175 1785 1283 1846 autem
1306 1806 1378 1867 per-

206 1872 350 1938 turbatio
372 1871 523 1938 fortunae
546 1876 643 1957 atque
666 1871 839 1955 sermonis,
862 1892 948 1954 cum,
972 1870 1088 1955 quibus
1111 1871 1144 1934 in
1165 1871 1245 1936 locis
1264 1873 1377 1956 paucis

208 1964 283 2026 ante
307 1960 419 2026 diebus
441 1962 564 2026 factum
588 1982 657 2026 esse
681 1961 844 2027 consulem
863 1959 1031 2024 Murenam
1054 1959 1160 2024 nuntii
1182 1959 1375 2046 litteraeque

206 2049 437 2134 celebrassent,
469 2054 501 2114 et
532 2049 617 2114 unde
643 2051 789 2134 hospites
822 2053 854 2114 et
884 2049 977 2113 amici
1010 2048 1209 2133 gratulatum
1235 2047 1374 2115 Romam

167 2155 193 2197 so
207 2138 434 2221 concurrerint,
452 2141 584 2223 repente
598 2138 714 2204 existet
733 2139 802 2222 ipse
816 2138 949 2203 nuntius
969 2158 1046 2202 suae
1061 2137 1267 2202 calamitatis!
1291 2160 1374 2222 quae

204 2226 233 2291 si
257 2227 382 2311 acerba,
405 2227 433 2290 si
451 2229 579 2311 misera,
602 2228 629 2292 si
648 2229 796 2292 luctuosa
819 2230 904 2310 sunt,
927 2227 955 2291 si
974 2225 1173 2290 alienissima
1191 2248 1211 2290 a
1228 2249 1375 2292 mansue·

203 2315 315 2381 tudine
344 2319 376 2380 et
402 2314 624 2381 misericordia
650 2319 773 2399 restra,
798 2315 934 2398 iudices,
961 2318 1148 2380 conservate
1171 2317 1284 2400 populi
1307 2316 1371 2381 Ro-

202 2404 293 2468 mani
324 2404 532 2487 beneficium3
568 2404 691 2470 reddite
727 2403 775 2469 rei
806 2403 954 2488 publicae
989 2403 1168 2488 consulem3
1204 2404 1278 2469 date
1310 2405 1373 2478 hoc

201 2492 302 2577 ipsius
327 2493 452 2578 pudori,
475 2493 547 2558 dete
570 2494 656 2577 petri
678 2496 817 2578 mortuo,
840 2493 913 2558 date
932 2493 1044 2577 generi
1067 2496 1101 2556 et
1122 2492 1276 2576 familiae,
1299 2493 1374 2559 date

163 2720 164 2724 ,
202 2666 277 2734 chus,
296 2665 330 2721 de
345 2681 384 2721 or.
399 2673 424 2736 3,
438 2673 498 2723 214.
533 2665 593 2732 Quo
611 2685 656 2722 me
675 2665 760 2721 miser
813 2668 914 2723 Jahres
938 2666 1002 2720 dort
1020 2666 1062 2720 als
1081 2667 1208 2736 Legaten
1226 2683 1263 2721 sn
1281 2667 1373 2722 seiner

202 2737 361 2792 conferam?
381 2754 436 2805 quo
455 2738 589 2793 sertam?¹
602 2737 632 2792 in
646 2737 759 2807 (lapito-
814 2738 890 2793 Statt
907 2737 1081 2792 euruclrliess.
1110 2767 1146 2778 -
1173 2743 1276 2807 ualens,
1298 2739 1372 2793 nach

199 2808 324 2862 liumne?
343 2808 374 2862 at
386 2807 481 2863 fratris
503 2809 637 2880 sanguine
650 2809 758 2864 madet:
812 2809 957 2864 mehreren
977 2807 1115 2862 Gliedern.
1138 2839 1174 2848 —-
1197 2809 1372 2865 celebrassent

190 2878 758 2936 vanclomurn?mutremneutmiseramla*
813 2911 846 2922 -
870 2879 1070 2945 concurrerint,
1096 2879 1146 2934 das
1170 2880 1310 2936 celebrare
1333 2882 1372 2936 ist

199 2945 427 3019 mentantemqire
437 2950 549 3008 videam
559 2953 589 3008 et
598 2950 757 3006 abiectam?
812 2952 876 3005 dem
884 2966 1046 3005 concurrere
1057 2949 1319 3022 vorhergegangen3
1335 2951 1369 3006 cf.

193 3035 199 3050 ’
254 3026 297 3076 89.
320 3037 393 3077 nora
407 3038 497 3092 poena
516 3025 589 3094 lepis,
613 3022 659 3076 dis
678 3023 758 3076 rehn·
813 3039 855 3091 ep.
870 3021 936 3075 iam.
951 3027 977 3089 4,
992 3027 1048 3090 9,2
1068 3024 1105 3088 ct,
1123 3021 1173 3090 qui
1190 3039 1242 3076 nec
1259 3025 1289 3076 te
1308 3039 1370 3078 con·

197 3092 310 3162 jthrige
338 3092 540 3164 Verbannung,
573 3093 680 3148 welche
707 3093 757 3148 das
812 3092 872 3146 sule
903 3095 995 3163 tuum,
1017 3090 1255 3162 sapientissimum
1283 3093 1370 3148 eonsi-

200 3163 341 3218 Tullische
357 3162 456 3219 Geseta
469 3165 515 3218 fiir
529 3165 573 3220 die
587 3181 686 3235 wegen
699 3178 757 3217 am·
811 3162 881 3217 lium
908 3169 1015 3219 sconiae
1042 3169 1107 3218 esset
1134 3179 1184 3217 neo
1212 3163 1298 3218 fratre
1321 3167 1370 3220 tuo

199 3233 275 3288 bitus
285 3232 472 3289 Verurteilten
483 3236 634 3289 festsetste.
653 3233 760 3288 Durani
812 3232 986 3290 consulatum
1013 3251 1047 3290 ex
1070 3233 1237 3289 auctoritate
1255 3240 1370 3304 gerente

200 3303 313 3359 becieht
335 3304 394 3359 sich
417 3305 466 3361 der
485 3305 586 3360 Schera
609 3304 658 3360 des
677 3303 758 3360 Lete·
811 3303 892 3360 robis
912 3305 1071 3362 auctoribus
1089 3304 1132 3358 uti
1149 3306 1278 3373 adserit,
1297 3323 1370 3362 nunc

190 3374 288 3444 ¹reneis
314 3393 342 3444 p.
370 3376 464 3432 Plano.
487 3381 503 3443 5
525 3380 560 3432 83
588 3393 632 3432 me
662 3375 757 3446 (nbml.
813 3376 907 3431 omnia
923 3378 1066 3431 tenentem
1084 3378 1196 3430 nostres
1216 3377 1370 3433 sententies

200 3445 307 3516 Cicero)
322 3445 426 3501 idcirco
440 3464 504 3502 mes
519 3449 581 3517 legs
591 3447 689 3502 exsilio
701 3463 758 3501 sm·
811 3446 1033 3502 desideraturum
1053 3462 1146 3502 censes
1164 3446 1269 3503 fuisse?

199 3518 290 3573 bitum
318 3517 455 3588 sanxisse,
484 3521 516 3572 ut
542 3518 758 3573 miserabiliores

199 3589 327 3659 epilogos
340 3605 451 3658 possem
466 3587 566 3644 dicere.
585 3621 621 3630 -
638 3605 700 3644 cum
713 3591 757 3644 no·
848 3595 890 3644 90.
911 3590 936 3643 sl
953 3588 1060 3655 acerba
1077 3589 1103 3643 si
1120 3591 1229 3657 misero,
1247 3588 1277 3642 in
1292 3588 1368 3644 Verr.

199 3661 586 3786 slzrrrbtllmlt’
607 3659 758 3785 lhtllht
811 3656 1370 3799 {atltelnloelwllll'nlll‘ll

484 3773 490 3786 ·
533 3775 539 3798 r
630 3773 637 3798 r
1047 3761 1108 3784 ·“”
1251 3774 1269 3795 ¹·
1358 3760 1368 3772 ”

199 3817 233 3855 su
242 3748 327 3856 lesen
345 3801 384 3858 ist
401 3802 473 3858 sitne
487 3801 539 3858 viri
552 3773 633 3857 fo’rtis
647 3803 677 3857 et
690 3802 757 3857 boni
809 3804 897 3870 serie,
912 3801 980 3857 Sall.
991 3800 1051 3858 Cat.
1062 3807 1097 3856 84
1110 3801 1140 3856 in
1154 3800 1368 3857 mansuetudine

199 3869 268 3927 civis
291 3887 351 3927 esse
374 3874 403 3927 in
426 3890 460 3930 ea
481 3873 550 3929 urbe
570 3917 575 3930 .
596 3913 602 3928 .
622 3915 628 3928 .
647 3875 678 3928 in
701 3890 757 3940 qua
811 3876 896 3942 atque
921 3872 1112 3928 misericordia
1135 3873 1261 3928 senatum
1281 3889 1367 3942 popu·

200 3941 261 3997 sine
278 3940 384 3997 honore
398 3945 627 4014 subeundumque
645 3944 754 4014 pericu·
809 3943 924 4013 lumque
949 3944 1107 4000 Romanum
1133 3947 1243 4013 semper
1261 3944 1368 4013 'fuisse;

198 4013 257 4067 lum
277 4012 314 4066 sit
331 4030 395 4068 cum
419 4015 513 4085 aliquo
532 4014 591 4072 lore
610 4016 754 4070 dedecore.
809 4013 1223 4096 52‚11hicmihiquisquem
1241 4032 1366 4071 mansue-

198 4115 233 4125 -
248 4083 344 4140 Gallio
360 4084 517 4156 Transalp,
535 4089 615 4143 sonst
634 4089 698 4156 sagt
711 4085 755 4141 Ci—
808 4087 934 4142 tudinem
950 4088 979 4141 et
992 4084 1213 4141 misericordiam
1227 4085 1366 4152 nominet3

198 4171 262 4210 cero
282 4155 425 4210 entweder
443 4156 536 4211 Gallia
553 4157 669 4212 ulterior
687 4158 755 4212 oder
809 4163 851 4222 52,
866 4164 900 4213 27
920 4174 955 4212 ns
972 4158 1029 4212 ista
1045 4155 1125 4212 vobis
1140 4158 1325 4213 mansuetudo
1339 4161 1367 4212 et

199 4225 292 4281 Gallis
306 4225 400 4296 allein,
419 4227 472 4282 wie
486 4232 502 4294 5
516 4234 559 4283 42.
577 4259 613 4268 —
633 4227 662 4282 0.
677 4229 753 4283 Men.
808 4226 1000 4284 misericordia
1019 4271 1025 4284 .
1046 4270 1051 4282 .
1072 4271 1079 4285 .
1098 4227 1128 4282 in
1146 4227 1289 4284 miseriam
1304 4245 1366 4284 con-

197 4299 290 4366 fecta,
304 4298 358 4353 den
372 4315 409 4365 er,
424 4297 465 4354 als
479 4315 509 4353 er
523 4299 756 4368 zurBewerbnng
809 4302 908 4356 vortet.
931 4331 967 4340 -
986 4300 1103 4370 pudori,
1125 4304 1141 4366 5
1160 4306 1195 4355 64
1211 4317 1268 4355 non
1288 4316 1366 4354 accu-

197 4370 269 4423 nach
287 4370 359 4424 Rom
377 4367 461 4440 gingJ
484 4370 529 4424 fiir
547 4370 601 4424 den
620 4370 689 4424 llest
707 4370 755 4424 des
809 4387 882 4426 sares
907 4369 1142 4441 pudentissimum
1161 4371 1312 4427 hominem.
1333 4399 1364 4412 -
