3026 4812
219 167 263 231 56
612 165 648 222 M.
668 163 790 220 TULLII
808 163 997 221 CICERONIS

218 329 294 394 (leat
315 329 390 413 tibi,
418 333 455 393 ut
476 331 510 392 te
534 327 676 412 adiuvet,
705 327 825 412 rogae?
870 349 965 410 rogas
989 330 1026 392 tu
1049 349 1114 412 me,
1136 329 1173 394 ut
1195 325 1275 390 mihi
1297 347 1398 410 prae·

219 418 280 502 sis,
307 420 343 482 nt
371 417 573 482 committam
602 437 663 500 ego
691 439 742 481 me
768 416 855 482 tibi?
901 416 977 502 quid
1004 415 1134 481 tandem
1163 415 1235 482 ais?
1280 418 1397 482 utrum

220 528 272 571 me
294 506 405 590 rogari
427 509 557 590 oportet
580 506 638 570 aba
662 509 694 569 te
718 528 759 570 an
783 509 815 570 te
838 505 947 590 potius
970 528 990 570 a
1013 526 1077 588 me,
1100 509 1137 569 ut
1151 508 1218 588 'pro
1242 525 1316 569 mea
1339 526 1394 570 sa-

179 613 205 653 u
219 595 288 660 lute
320 595 467 660 laborem
498 594 740 678 periculumque
777 593 958 678 suscipias?
1013 592 1115 677 quid?
1169 592 1253 677 quod
1285 592 1394 659 habes

216 683 512 750 nomenclatorem?
557 683 592 747 in
619 704 657 747 eo
686 682 812 767 quidem
835 683 923 748 fallis
952 686 985 748 et
1013 683 1147 766 decipis:
1180 703 1258 746 nam
1282 680 1310 746 si
1332 705 1393 747 no·

217 773 303 838 mine
327 772 486 857 appellari
509 772 568 836 aba
591 774 623 835 te
647 771 732 837 cives
754 775 829 838 tuos
852 772 1023 837 honestum
1048 777 1109 854 est,
1137 774 1231 855 turpe
1253 775 1305 836 est
1333 793 1391 837 eos

216 861 361 927 notiores
385 881 455 924 esse
478 881 570 926 servo
593 863 650 924 tuo
674 881 771 945 quam
794 860 869 944 tibi;
897 859 956 943 sin,
979 860 1077 925 etiam
1101 859 1129 923 si
1152 859 1256 940 noris,
1278 863 1393 926 tamen

217 971 276 1034 per
307 949 501 1014 monitorem
538 948 725 1034 appellandi
759 951 853 1030 sunt,
889 970 945 1014 eur
977 952 1052 1014 ante
1084 970 1215 1012 manum
1247 949 1393 1036 porrigis

218 1060 315 1122 quam
342 1037 515 1102 inculcavit
542 1041 599 1102 aut
627 1037 703 1121 quid
733 1059 805 1102 eum
829 1037 1025 1119 admoneris,
1051 1040 1174 1120 tamen,
1204 1037 1297 1121 quasi
1318 1040 1395 1102 tute

218 1127 321 1209 noris,
347 1127 396 1191 ita
424 1126 568 1190 salutes?
614 1125 713 1210 quid?
759 1125 859 1211 quod,
887 1129 1101 1210 posteaquam
1128 1147 1162 1191 es
1190 1125 1393 1212 designatus,

218 1216 322 1280 multo
346 1215 468 1280 salutas
486 1215 733 1300 neglegentius?
770 1215 977 1280 haecomnia
1002 1215 1041 1279 ad
1064 1215 1224 1279 rationem
1246 1214 1392 1280 civitatis

219 1305 247 1368 si
265 1303 404 1388 derigas,
426 1307 517 1369 recta
536 1308 626 1382 sunt;
651 1303 702 1368 sin
724 1302 919 1388 perpendere
943 1304 984 1368 ad
1007 1303 1194 1386 disciplinae
1217 1306 1394 1387 praecepta

218 1392 313 1475 velis,
344 1392 546 1477 reperiantur
573 1393 773 1476 pravissima
821 1415 919 1477 quare
948 1414 1006 1457 nec
1028 1393 1118 1476 plebi
1140 1391 1306 1456 Romanae
1330 1392 1392 1456 eri-

218 1480 329 1566 piendi
357 1480 478 1545 fructus
512 1481 567 1545 isti
598 1484 673 1546 sunt
700 1481 864 1565 ludorum,
897 1480 1127 1566 gladiatorum,
1159 1480 1394 1562 conviviorum,

220 1592 302 1656 quae
326 1570 435 1634 omnia
457 1569 596 1634 maiores
619 1570 725 1634 nostri
747 1573 1024 1653 comparaverunt,
1046 1593 1106 1636 nee
1125 1569 1304 1635 candidatis
1325 1567 1393 1634 ista

220 1657 404 1742 benignitas
419 1656 605 1758 'adimenda
632 1661 697 1742 est,
729 1679 810 1743 quae
838 1659 1065 1729 liberalitatem
1096 1659 1200 1743 magis
1229 1658 1393 1744 significat

170 1816 207 1932 {Z
223 1747 590 1900 quamAtaiffiiimteemad
618 1835 834 1901 accusandum
861 1857 912 1901 res
939 1836 1070 1920 publica
1100 1835 1242 1900 adduxit.
1287 1836 1392 1920 credo,

220 1922 317 2007 Cato,
338 1928 371 1989 te
394 1924 458 1990 isto
478 1924 585 1990 animo
609 1928 706 2009 atque
730 1947 768 1989 ea
790 1925 943 2010 opinione
966 1925 1107 2009 venisse3
1131 1924 1186 1988 sed
1209 1928 1246 1988 tu
1269 1925 1392 2009 impru-

220 2012 329 2078 dentia
350 2013 478 2078 laberis.
525 2034 585 2098 ago
609 2014 695 2098 quod
716 2013 818 2098 facio,
845 2013 978 2096 iudices,
1003 2035 1076 2079 eum
1100 2013 1261 2078 amicitiae
1285 2013 1392 2098 digni·

219 2203 350 2273 horisque
376 2204 550 2274 dispertiunt.
582 2237 614 2246 —
642 2222 723 2276 royac
747 2212 779 2260 tu
832 2206 1029 2275 argemonen,
1041 2205 1184 2259 dieselben
1194 2206 1241 2260 bei
1251 2205 1392 2261 derHand

221 2275 285 2345 (wie
304 2275 376 2330 oben
394 2281 409 2341 ξ
428 2280 462 2330 45
484 2277 538 2330 seis
555 2277 597 2346 tu)
614 2301 648 2322 ==
667 2277 706 2331 du
723 2277 779 2332 bit·
832 2295 865 2332 zu
879 2277 972 2330 fasren
990 2275 1048 2329 und
1061 2275 1114 2330 mit
1127 2276 1208 2331 ihren
1221 2275 1331 2332 Numen
1345 2295 1393 2332 an·

220 2348 278 2402 test
295 2347 376 2402 doeh.
396 2376 429 2386 -
448 2352 480 2400 ut
498 2348 566 2401 miles·
576 2349 685 2416 praesia
699 2373 733 2394 ε
746 2351 779 2402 nt
832 2346 961 2402 zureden.
986 2377 1019 2388 -
1045 2347 1196 2402 inculcarit
1219 2365 1255 2403 sc.
1281 2364 1392 2417 nomen,

220 2416 274 2472 tibi
299 2416 386 2472 liceat
414 2417 476 2488 (als
491 2418 683 2488 Magistratus)
707 2417 778 2472 mihi
834 2418 931 2473 ‘bever
958 2435 988 2472 er
1015 2417 1059 2472 dir
1086 2417 1139 2472 den
1162 2419 1273 2474 Namen
1298 2420 1394 2490 einge-

219 2505 356 2560 praeease.
371 2517 405 2529 -
419 2489 487 2558 quid
500 2491 609 2544 eaedem
622 2489 686 2544 ale?
709 2488 778 2544 Eine
833 2488 952 2556 aehtrst,
981 2487 1196 2560 eingetrichtert
1219 2490 1291 2544 hat'.
1335 2492 1391 2545 Dae

220 2559 344 2614 beliebte
371 2560 482 2614 Formel
509 2559 549 2614 im
572 2560 704 2630 Dialoge,
731 2578 779 2615 um
832 2559 956 2615 Verbum
973 2561 1113 2616 orauere
1136 2559 1214 2629 palat
1231 2560 1392 2632 vorauglich

221 2629 267 2685 die
282 2629 539 2686 AufmerlmamlreIt
556 2630 606 2686 des
620 2630 781 2702 Angerede·
834 2647 868 2685 zu
885 2631 949 2687 dam
969 2630 1163 2685 scherzhaften
1177 2631 1262 2699 Tene,
1281 2631 1311 2686 in
1326 2633 1396 2687 wel-

220 2702 270 2756 ten
293 2701 343 2756 auf
363 2701 408 2755 die
426 2701 559 2771 fulgenda
577 2701 668 2772 Frage
685 2702 780 2756 hincu-
834 2705 916 2758 ehem
929 2701 991 2757 hier
1005 2700 1100 2757 Cicero
1115 2702 1179 2755 dem
1196 2701 1308 2757 Stoilrer
1323 2704 1391 2760 Cato

221 2770 325 2826 leuken
335 2770 476 2839 ‘hdr'mal
487 2773 622 2842 apropos'
631 2774 779 2843 (Anhang).
833 2771 1393 2841 inlronsequeutesBenehmanvorhalten

294 2845 581 2900 77..aomeaelatcrem.
600 2843 780 2899 DenBewer·
834 2843 901 2900 will.
931 2843 995 2913 Vgl.
1006 2841 1100 2900 Vatin.
1116 2847 1131 2909 ξ
1145 2850 1179 2898 26
1198 2843 1392 2912 inculcarisne,

220 2913 273 2968 ber
289 2912 442 2983 begleitete
461 2914 506 2968 ein
525 2913 636 2984 Silere,
656 2933 703 2969 um
722 2915 781 2970 ihm
834 2918 867 2970 ut
881 2915 910 2970 (l.
927 2913 1057 2969 Pisonem
1070 2914 1238 2984 nominaret,
1252 2915 1330 2973 Verr.
1345 2915 1394 2984 111,

222 2985 268 3040 dle
291 2985 400 3040 Numen
426 2985 475 3040 dar
497 2984 557 3039 ihm
580 2986 781 3055 bagagnenden
838 2990 889 3041 156
907 2984 1079 3040 inculcatum
1098 2988 1142 3042 eet
1155 2987 1271 3042 Metello
1286 2989 1315 3042 et
1328 2987 1392 3044 Vol·

222 3055 330 3127 Burger
348 3055 537 3113 anznfldatern.
565 3043 708 3126 ‘dirigens
727 3058 780 3112 soll
834 3056 892 3112 teio
910 3058 939 3110 te
958 3056 1083 3112 aratores
1102 3058 1246 3113 evertisse.
1263 3089 1297 3098 -
1321 3059 1390 3113 eleri-

224 3125 293 3181 Cato
307 3129 381 3182 nach
395 3127 528 3183 Plutarch
542 3127 645 3183 keinen
657 3127 781 3182 Nomen·
833 3144 925 3198 paa=
934 3126 1047 3196 referas,
1057 3144 1177 3184 revoces.
1189 3159 1222 3168 -
1229 3131 1395 3198 perpendere

224 3196 314 3252 elator
340 3198 475 3268 geduldet
506 3200 607 3254 haben.
646 3229 678 3240 -
715 3216 781 3254 nam
834 3199 1392 3268 53.-addiscpraeamaehdeuhehr-

222 3286 251 3322 u.
269 3286 290 3322 a
309 3285 343 3322 w.
363 3270 454 3324 Wenn
473 3285 503 3324 es
522 3269 584 3324 eine
602 3269 780 3326 Ehrensaelre
834 3272 929 3326 sttzen
943 3271 993 3324 der
1006 3269 1346 3340 stoisehenPhiloeophie.
1361 3302 1391 3312 -

223 3339 270 3394 ΙΙΙ
287 3338 354 3394 dich
371 3340 420 3408 iet,
440 3341 528 3395 selbat
545 3340 591 3396 die
609 3339 717 3410 Burger
734 3342 781 3396 bei
834 3343 1020 3412 reperiantur,
1048 3341 1098 3395 der
1120 3340 1295 3413 Konjunktiv
1318 3342 1395 3397 dient

223 3410 334 3466 Namen
344 3426 503 3479 aunennen,
518 3411 636 3466 aoirtes
646 3412 780 3482 schimpf-
834 3431 896 3468 zum
910 3412 1057 3468 Ausdruck
1075 3409 1126 3467 der
1143 3412 1329 3484 gemilderten
1342 3413 1392 3468 Be-

223 3481 291 3549 liuh,
306 3481 377 3536 dazu
391 3480 472 3536 einen
483 3481 606 3538 Sklaven
620 3501 654 3537 zu
663 3484 781 3553 gebrau-
836 3484 991 3553 hauptung.
1011 3513 1044 3522 —
1063 3491 1291 3552 conparauerunt
1305 3510 1339 3530 ι-
1352 3484 1392 3538 iu-

224 3553 308 3619 ehen;
323 3569 405 3616 werin
418 3551 625 3608 derGebranch
639 3554 692 3608 des·
703 3553 783 3608 skla-
837 3556 999 3621 elicuerunt,
1023 3552 1082 3608 bes.
1100 3554 1197 3624 htufig
1214 3554 1244 3610 in
1262 3556 1312 3610 der
1330 3555 1392 3610 For-

222 3640 278 3678 ven
305 3623 352 3679 bei
379 3622 483 3678 diesem
507 3623 643 3679 Gesehaft
668 3624 711 3679 ala
734 3640 783 3678 an·
837 3625 894 3680 mel
907 3642 983 3680 mora
999 3625 1136 3680 maiorum
1150 3629 1342 3696 comparatum
1352 3627 1393 3682 eet

225 3694 340 3766 stannig
358 3692 426 3765 giu,
445 3711 552 3749 warum
570 3694 594 3748 fr
634 3695 662 3748 st
678 3696 715 3750 du
733 3695 784 3751 ihn
838 3695 988 3766 (Anhang).
1444 3756 1448 3765 ,

223 3765 304 3820 nicht
314 3765 461 3835 jedeemal,
475 3765 547 3821 auch
559 3766 606 3821 bei
644 3765 784 3822 elrannten
873 3765 1012 3837 XXXVII,
1028 3772 1069 3823 78.
1088 3783 1131 3823 rea
1141 3769 1264 3837 publiea,
1280 3767 1392 3823 ‘darin-

175 3897 176 3902 ἵ
225 3835 312 3904 (deun
329 3835 427 3893 diesen
444 3838 566 3893 atreclrst
584 3839 622 3892 du
641 3836 685 3892 die
699 3835 783 3892 Hand
837 3840 943 3893 teresse
961 3838 1011 3894 des
1032 3839 1169 3904 Staates'3
1192 3837 1294 3893 ebeneo
1313 3839 1390 3896 Rosa.

224 3907 784 4050 praecurandum
837 3911 899 4035 u
913 3911 1098 4051 crahc
1111 3907 1393 4050 reuectus

225 4046 420 4115 Unbelrannte‚
439 4067 520 4105 wenn
536 4049 575 4105 sie
595 4051 637 4107 dir
655 4067 710 4106 von
723 4049 784 4106 ihm
838 4022 976 4106 lor’meua
995 4054 1024 4106 et
1046 4052 1164 4108 istorum
1182 4045 1286 4107 initria
1303 4069 1347 4108 coe
1365 4055 1391 4108 u.

225 4119 358 4202 genennt·
373 4119 449 4188 sind,
473 4138 506 4175 zu
527 4119 638 4177 kenneu
661 4121 719 4176 und
738 4122 784 4178 be·
837 4153 872 4164 -
887 4140 920 4177 eu
933 4124 1061 4194 opinione
1074 4122 1112 4177 ist
1125 4121 1167 4177 als
1182 4121 1333 4194 richtigere
1343 4069 1391 4178 ie·

225 4190 317 4262 grulst
335 4208 377 4246 ere
391 4191 433 4246 als
447 4190 610 4247 Bekannte?
625 4223 657 4232 -
672 4209 784 4248 marram
837 4192 993 4264 aeichnung
1011 4213 1045 4247 zu
1063 4193 1128 4248 dem
1146 4209 1313 4263 ungenanen
1326 4195 1392 4248 Aus-

143 4287 145 4294 '
221 4263 363 4389 ΙΙὛΞΙ
382 4262 432 4389 llss
452 4261 785 4404 tentitudine
837 4263 926 4407 lut
944 4263 1392 4407 aomozpbapgocffiopfo.

928 4379 935 4393 .
1080 4379 1086 4392 .
1154 4377 1171 4404 .‚
1339 4378 1345 4392 .
