3026 4812
240 212 284 277 30
631 211 668 267 M.
688 211 811 304 ssULIrII
830 211 1022 268 CICERONIS

239 379 296 457 tot,
314 379 431 459 motus,
454 379 573 460 tantas,
595 379 663 440 tam
686 375 792 440 vanas
814 376 935 442 habere
961 375 1085 460 putatis
1112 376 1306 462 agitationes
1330 397 1422 442 oom-

241 465 501 549 mutationesque
533 463 706 549 fluctuum,
742 468 881 549 quantas
912 465 1174 548 perturbationes
1210 469 1243 530 et
1276 468 1419 550 quantos
1487 495 1488 514 ι

241 558 351 620 aestus
374 553 475 619 habet
497 554 581 618 ratio
602 553 829 618 comitiorum?
851 554 919 618 dies
942 553 1145 620 intermissus
1169 575 1252 620 unus
1276 559 1333 620 sut
1350 576 1419 620 nox

240 643 434 727 interposita
462 662 558 726 saepe
585 642 755 725 perturbat
779 643 888 709 omnia
916 645 1080 708 ettotam
1108 643 1291 727 opinionem
1314 665 1420 729 parua

240 753 306 798 non
328 753 503 818 numquam
528 734 707 802 commutat
729 753 809 797 aura
830 731 985 816 rumoris,
1013 753 1109 815 saepe
1133 732 1231 798 etiam
1255 732 1325 798 sine
1348 731 1420 797 ulla

240 823 354 905 aperta
376 841 474 886 causa
494 819 534 884 fit
557 819 645 885 aliud
668 823 767 904 atque
789 819 995 912 eristimaris
1018 823 1055 886 ut
1077 842 1144 885 non
1165 843 1344 906 numquam
1367 822 1420 906 ita

240 905 363 974 factum
393 929 463 974 esse
498 908 596 973 etiam
628 911 767 998 populus
798 908 987 993 admiretur,
1019 910 1114 994 quasi
1141 930 1215 975 vero
1245 932 1316 976 non
1344 911 1418 994 ipse

202 998 365 1063 refecerit
414 997 495 1062 nihil
528 1001 579 1062 est
609 997 764 1062 incertius
795 999 905 1083 volgo,
935 997 1019 1064 nihil
1050 999 1220 1064 obscurius
1249 1000 1419 1065 voluntate

241 1086 421 1169 hominum,
443 1085 526 1152 nihil
543 1086 694 1152 fallacius
712 1085 838 1152 ratione
860 1091 931 1153 tcta
950 1088 1164 1154 comitiorum.
1202 1088 1274 1172 quis
1292 1087 1327 1154 L.
1341 1087 1418 1153 Phi-

242 1176 367 1260 lippum
386 1197 512 1240 summo
530 1175 670 1260 ingenio,
689 1197 797 1260 opera,
815 1176 932 1261 gratia,
949 1175 1131 1260 nobilitate,
1154 1175 1235 1242 aM.
1249 1175 1417 1242 Herennio

135 1309 138 1316 v
243 1264 388 1348 superari
410 1285 505 1348 posse
533 1263 710 1329 arbitratus
733 1264 806 1330 est?
852 1266 924 1350 quis
947 1264 985 1342 Q.
1008 1262 1174 1349 Catulum,
1203 1265 1419 1348 humanitate,

243 1352 417 1437 sapientia,
449 1353 637 1438 integritate
666 1353 927 1438 antecellentem,
955 1376 976 1418 a
997 1352 1055 1420 On.
1074 1353 1221 1420 Manlio?
1272 1355 1345 1438 quis
1371 1352 1418 1418 M.

243 1439 409 1526 Scaurum,
431 1441 597 1507 hominem
616 1442 855 1528 gravissimum,
878 1443 981 1508 civem
999 1443 1176 1530 egregium,
1199 1442 1418 1508 fortissimum

243 1533 441 1615 senatorem,
471 1553 491 1595 a
518 1530 554 1606 Q.
577 1529 742 1596 Maximo?
791 1553 859 1597 non
886 1531 982 1598 modo
1010 1531 1128 1598 horum
1158 1533 1242 1597 nihil
1270 1533 1318 1598 ita
1335 1531 1417 1596 dore

241 1622 393 1704 putatum
413 1622 474 1704 est,
491 1619 546 1684 sed
565 1640 606 1683 ne
620 1641 693 1686 cum
712 1623 797 1684 esset
813 1621 937 1686 factum
952 1620 1091 1708 quidem,
1110 1643 1211 1705 quare
1228 1623 1277 1686 itu
1294 1621 1418 1686 factum
1488 1665 1489 1700 ι

241 1707 329 1774 esset
351 1707 500 1794 intellegi
522 1709 642 1792 potuit:
670 1731 748 1773 nam
770 1712 807 1773 ut
829 1713 1040 1793 tempestates
1069 1731 1166 1795 saepe
1193 1713 1283 1776 certo
1307 1710 1417 1796 aliquo
1488 1737 1489 1750 ι

243 1797 323 1862 caeli
356 1797 451 1882 signo
489 1800 746 1881 commoventur,
783 1819 879 1882 saepe
911 1799 1087 1882 improviso
1123 1799 1216 1864 nulla
1253 1821 1292 1864 ex
1328 1802 1419 1866 certa

242 1885 377 1969 ratione,
400 1884 539 1950 obseura
558 1886 668 1971 aliqua
692 1908 731 1951 ex
754 1908 852 1960 causa
876 1891 1087 1972 concitantur,
1111 1888 1211 1953 sicin
1233 1888 1296 1954 hac
1320 1888 1417 1954 comi-

240 1974 360 2040 tiorum
389 1978 582 2059 tempestate
610 1975 764 2060 populari
792 1998 888 2062 saepe
915 1976 1088 2061 intellegas
1116 1998 1180 2062 quo
1209 1976 1303 2061 signo
1332 1997 1419 2042 comu

242 2067 333 2128 mota
357 2064 409 2138 sit,
432 2085 528 2147 saepe
546 2064 593 2130 ita
613 2065 750 2130 obscura
769 2068 827 2150 est,
850 2070 887 2130 ut
909 2087 988 2132 casu
1006 2065 1148 2131 excitata
1171 2087 1243 2131 esse
1257 2065 1418 2132 'videatur

194 2125 231 2239 {J
242 2150 298 2216 sed
316 2155 436 2234 tamen,
463 2152 490 2217 si
509 2156 559 2217 est
576 2153 739 2218 reddenda
756 2155 851 2237 ratio,
874 2154 956 2220 duae
974 2177 1026 2220 res
1044 2154 1251 2220 vehementer
1274 2154 1309 2219 in
1327 2176 1418 2238 prae·

241 2244 316 2305 tura
339 2240 539 2306 desideratae
564 2245 653 2325 sunt,
681 2263 763 2327 quae
787 2243 902 2308 ambae
929 2243 964 2307 in
987 2243 1160 2309 consulatu
1183 2244 1322 2310 multum
1346 2242 1417 2308 Mu-

241 2350 338 2395 renae
361 2328 567 2415 profuerunt:
600 2352 678 2415 una,
709 2332 908 2416 exspectatio
931 2332 1088 2417 muneris,
1116 2353 1197 2416 quae
1227 2336 1260 2399 et
1287 2354 1417 2398 rumore

194 2484 198 2496 ,
240 2440 307 2483 non
339 2419 428 2483 nullo
464 2422 497 2484 et
530 2419 645 2485 studiis
680 2420 948 2504 sermonibusque
980 2423 1230 2505 competitorum
1264 2425 1418 2506 creverat,

240 2697 317 2738 mare
336 2682 504 2752 profundum
522 2681 739 2764 stimmeusum,
760 2681 800 2738 sic
853 2689 896 2738 61.
920 2685 1074 2767 5,1·sagt
1099 2684 1172 2738 attii
1198 2701 1292 2740 earam
1315 2701 1416 2751 rerum,

241 2743 426 2810 effervescunt
453 2752 574 2822 quodam
602 2769 682 2820 quasi
710 2756 799 2820 aestu,
853 2756 955 2824 gehbrt
973 2771 1026 2810 wie
1044 2755 1141 2810 borum
1159 2757 1345 2826 attemperet}
1359 2757 1414 2826 37),

239 2826 273 2879 (11
286 2824 322 2880 ad
336 2823 407 2879 alios
422 2824 566 2891 accedant,
580 2823 616 2878 ab
631 2825 695 2879 aliis
705 2828 800 2879 autem
854 2842 972 2896 quorum
986 2826 1065 2894 nihil,
1079 2825 1200 2894 aliquid3
1216 2827 1284 2897 quid
1293 2829 1414 2882 horum?

240 2897 382 2964 recedant,
400 2897 495 2950 tamen
514 2911 564 2950 nos
577 2895 607 2950 in
621 2896 728 2967 impetu
744 2899 800 2952 stu-
854 2898 903 2952 der
925 2895 1187 2966 Umgsngssprache
1215 2915 1259 2954 sn.
1290 2929 1322 2938 -
1351 2914 1418 2952 acm

240 2967 349 3022 diorum
369 2969 490 3023 etmotu
503 2965 672 3022 temeritatis
685 2968 799 3022 modum
854 2973 886 3023 at
903 2986 930 3022 ιι.
945 2985 965 3022 s.
980 2985 1015 3022 ιι.
1047 2967 1113 3024 Hor.
1133 2969 1416 3038 6616636166-

239 3038 362 3107 aliquem
386 3038 417 3093 et
441 3037 588 3092 consilium
611 3040 641 3093 et
662 3039 801 3094 rationem
855 3040 974 3108 pestatis
987 3056 1075 3110 prope
1089 3040 1146 3094 ritu
1155 3038 1273 3095 Mobilis
1286 3040 1316 3094 et
1330 3055 1417 3095 caeca

239 3110 432 3178 requiremus?
449 3138 482 3149 —
501 3110 598 3165 babere
608 3112 726 3178 potatis,
741 3111 800 3164 ent
854 3109 996 3166 fluitantia
1005 3113 1088 3174 sorte.
1102 3143 1138 3152 —
1151 3114 1183 3166 io
1192 3112 1243 3165 hac
1252 3126 1316 3165 corn.
1326 3114 1419 3179 temp„

241 3181 350 3250 spricht
363 3180 427 3234 dem
440 3177 672 3250 gricouoptauv
686 3180 741 3234 mit
753 3177 799 3234 ἄν.
854 3181 1064 3251 gewohnlicher
1090 3187 1164 3237 ware
1192 3183 1262 3236 hacc
1285 3179 1415 3236 comitiu-

242 3251 540 3318 -rotiocomr'ts'orroo,
551 3252 801 3321 §ltempestatnm
854 3269 917 3308 rum
934 3254 1097 3322 tempestas.
1117 3283 1151 3294 -
1168 3253 1210 3307 ita
1234 3252 1351 3307 obscura
1369 3259 1417 3320 est,

240 3321 387 3388 rationem,
413 3322 448 3377 de
467 3322 512 3376 oli.
532 3327 557 3390 2,
577 3326 611 3376 60
634 3323 696 3376 tota
714 3323 801 3391 igitur
855 3341 891 3380 sc.
910 3326 1064 3393 tempestas
1082 3325 1231 3379 commotu.

240 3391 314 3448 ratio
336 3391 438 3448 talium
459 3392 655 3462 largitionum
679 3393 714 3447 de
733 3393 799 3463 imp.
890 3395 1056 3464 xv]11,ar.
1088 3395 1228 3450 reddendo
1245 3394 1334 3463 ratio,
1353 3395 1416 3448 dar-

242 3469 275 3520 19
298 3465 368 3518 haec
391 3462 464 3518 ratio
486 3463 676 3534 pecuniarum.
718 3481 800 3533 awa,
854 3467 932 3533 fiber,
951 3484 1057 3522 warum
1072 3464 1199 3522 ‘Murena
1216 3466 1246 3522 iu
1262 3466 1413 3549 praeturae

240 3534 364 3590 Ablativ.
373 3535 708 3604 -qoasicerc,ironisch,
717 3536 799 3591 eben·
853 3537 991 3608 petitione
1005 3536 1144 3606 posterior
1157 3539 1333 3592 renuntiatus
1347 3535 1412 3590 est’.

241 3623 271 3662 so
289 3605 409 3677 proinde
427 3606 515 3675 quasi.
807 3625 809 3632 ·
855 3639 888 3649 -
902 3611 935 3663 in
944 3613 1080 3676 praetura
1094 3609 1153 3666 scil.
1168 3608 1297 3678 petenda.
1315 3637 1350 3648 -
1368 3623 1413 3662 ex·

276 3684 318 3734 36.
351 3677 387 3736 L.
406 3678 585 3761 philippum,
608 3676 658 3731 der
681 3683 715 3731 93
739 3677 800 3732 eine
853 3681 983 3749 spectatio
1014 3681 1154 3763 muneris,
1179 3680 1275 3734 hiernu
1302 3677 1341 3733 ist
1364 3693 1414 3732 aus

240 3748 569 3888 6161111116
576 3747 800 3890 {aaut
853 3751 1020 3891 irritet
1034 3750 1357 3892 terrestres
1364 3749 1415 3874 16

240 3891 281 3946 im
290 3889 360 3946 Jahr
370 3896 429 3946 106.
445 3922 477 3932 -
495 3889 542 3948 Oa.
553 3891 672 3958 Manlio,
687 3889 736 3946 der
745 3908 800 3946 von
853 3898 967 3962 gtnzen.
1005 3892 1063 3948 Das
1081 3894 1157 3966 Vollp
1174 3893 1254 3949 hatte
1275 3892 1415 3958 erwartet,

241 3961 296 4017 den
311 3960 441 4017 Cimbern
459 3961 568 4032 bericgt
582 3963 684 4018 wurde.
703 3993 738 4004 -
757 3962 799 4016 Μ.
854 3964 978 4033 Murena,
998 3965 1047 4020 der
1066 3965 1112 4020 die
1130 3963 1253 4020 Adilittt
1269 3963 1350 4018 nicht
1367 3962 1415 4017 be-

241 4033 387 4098 Scuarum,
400 4034 437 4087 M.
452 4032 553 4088 Aemil.
569 4031 698 4102 Scaurus,
713 4033 800 4089 sehon
853 4035 963 4092 kleidet
980 4036 1068 4105 hatte,
1087 4036 1180 4108 werde
1199 4036 1241 4089 als
1259 4035 1344 4089 homo
1379 4033 1414 4086 ri-

241 4110 256 4170 9
281 4109 313 4160 16
336 4105 475 4174 genennt,
502 4104 550 4158 fiel
575 4110 625 4158 116
651 4120 743 4174 gagen
767 4103 799 4170 Q.
853 4113 936 4164 vatus
947 4107 1040 4177 Spiele
1050 4107 1149 4177 geben.
1165 4137 1198 4147 —
1212 4105 1346 4172 studiis,‘
1370 4121 1416 4158 ar·

240 4175 343 4230 Fabius
357 4173 494 4230 Maximus
509 4173 638 4231 Eburnus
653 4174 750 4230 durch.
766 4206 799 4216 -
853 4179 1121 4248 teibestrebungen'.
1148 4177 1204 4233 Des
1218 4177 1335 4232 Murena
1348 4172 1416 4229 Mis

239 4247 420 4314 senissimum
436 4251 596 4313 senatorem,
615 4246 717 4302 ebenso
736 4251 800 4312 §43
854 4251 997 4306 bewerber
1018 4250 1136 4304 suchten
1159 4249 1247 4303 durch
1276 4246 1417 4304 v'erschie·

240 4320 269 4372 te
283 4319 386 4374 fortem
400 4320 556 4374 senatorem
571 4316 752 4373 mihivideri.
766 4349 800 4358 -
855 4322 926 4376 dene
958 4319 1201 4390 Manipulaticnen
1232 4320 1296 4374 dem
1323 4317 1417 4374 Vollre

240 4391 336 4446 horum
358 4391 444 4458 nibil,
466 4385 755 4445 vererumne.
776 4395 800 4456 1,
855 4393 909 4448 den
933 4391 1062 4447 Glauben
1085 4409 1121 4448 an
1144 4392 1189 4448 die
1212 4408 1268 4448 von
1287 4389 1357 4446 Mur.
1381 4407 1418 4444 nu
