3026 4812
223 223 264 288 10
609 220 646 274 M.
665 217 790 282 socon
808 216 998 282 Glossema

220 407 320 470 nune,
347 407 420 450 cum
443 383 609 450 Murenam
633 380 748 466 lipsum
769 383 878 465 petes,
909 379 1036 446 adiutor
1064 380 1175 450 eodem
1201 381 1302 462 'paeto
1323 398 1396 446 esse

221 476 332 542 debeo.
377 477 475 558 atque
501 473 564 538 hoc
586 493 653 536 non
676 471 772 540 modo
799 469 937 553 laudari,
966 469 1085 534 sedne
1108 468 1241 542 concedi
1264 467 1396 552 quidem

220 568 344 650 potest,
372 567 409 628 ut
431 560 544 646 amicis
566 559 689 634 nostris
713 559 945 632 accusantibus
965 580 1031 627 non
1055 557 1154 639 etiam
1177 556 1396 629 alienissimos

185 652 439 724 ldefendamus.
491 650 571 722 mihi
595 652 704 714 autem
727 670 800 715 cum
823 645 971 726 Murena,
999 646 1133 730 iudices,
1164 650 1197 710 et
1220 649 1397 730 magnast

221 747 314 810 vetus
339 740 483 806 amicitie
507 742 565 823 est,
588 760 671 823 quse
694 737 731 804 in
752 735 868 822 eapitis
892 735 1100 810 dimicatione
1124 757 1143 800 e
1165 732 1232 800 Ser.
1252 732 1395 817 Sulpicio

221 853 287 904 non
309 830 429 902 idcirco
453 829 619 910 obruetur,
652 827 738 911 quod
766 827 807 898 ab
836 825 948 898 eodem
972 824 1163 896 inhonoris
1187 824 1396 902 contentione

222 923 373 1004 superata
395 919 460 1000 est3
484 938 566 1001 quae
590 915 618 981 si
636 937 742 988 cause
762 936 829 988 non
852 917 946 998 essa,
968 917 1080 981 tamen
1102 913 1153 980 vel
1176 913 1319 998 dignitas
1337 912 1396 988 ho-

204 1009 318 1082 minis
342 1006 394 1074 uel
417 1004 550 1070 honoris
574 1005 654 1088 eius,
677 1025 771 1088 quem
794 1004 930 1086 adeptus
953 1007 1012 1080 est,
1037 1001 1216 1086 amplitudo
1235 1023 1396 1076 summam

222 1094 303 1166 mihi
326 1095 496 1179 superbiae
519 1093 784 1177 crudelitatisque
806 1092 975 1166 infamiam
998 1093 1178 1172 inussisset,
1203 1091 1231 1156 si
1252 1089 1396 1162 hominis

223 1190 256 1252 et
279 1186 345 1257 suis
369 1189 402 1257 et
423 1183 534 1268 populi
552 1183 693 1255 Romani
716 1181 914 1254 ornamentis
937 1179 1134 1264 amplissimi
1157 1200 1288 1252 eausam
1311 1179 1397 1250 tanti

222 1267 359 1360 perio'uli
386 1273 615 1357 repudiassem.
664 1292 768 1356 neque
796 1270 881 1344 enim
908 1271 975 1342 iem
1002 1268 1083 1336 mihi
1110 1269 1187 1340 lieet
1213 1289 1318 1353 neque
1346 1271 1398 1334 est

197 1365 401 1449 integrum,
432 1365 470 1427 ut
497 1383 605 1433 meum
635 1360 781 1433 laborem
808 1358 975 1432 bominum
1006 1357 1158 1442 periculis
1187 1355 1397 1422 sublevandis

223 1474 289 1524 non
303 1451 503 1535 impertiam:
522 1471 600 1514 nam
614 1471 687 1538 cum
706 1448 853 1532 praemis
869 1447 950 1522 mihi
968 1451 1060 1518 tanta
1077 1468 1138 1533 pro
1156 1446 1218 1516 hac
1236 1443 1398 1516 industria

225 1542 292 1612 sint
307 1541 393 1620 data,
408 1542 531 1623 quante
545 1542 642 1610 antea
655 1538 786 1621 nemini,
800 1539 907 1618 istam,
922 1537 952 1603 si
965 1557 1106 1620 cuperes,
1121 1556 1159 1600 ea
1174 1556 1246 1604 cum
1262 1534 1398 1618 adeptus

183 1649 196 1688 s
224 1631 281 1714 sis,
302 1630 471 1712 deponere,
495 1631 582 1700 esset
603 1627 745 1702 hominis
768 1629 801 1698 et
823 1626 924 1700 astuti
947 1633 981 1691 et
1003 1624 1132 1709 ingrati.
1169 1623 1255 1708 quod
1275 1623 1398 1696 silicet

224 1718 379 1798 desinere,
399 1717 428 1783 si
445 1719 479 1782 te
497 1719 629 1808 auctore
643 1737 785 1800 possum,
804 1715 833 1786 si
846 1714 937 1782 nulla
950 1713 1096 1797 inertiae,
1113 1713 1204 1784 nulla
1217 1710 1397 1796 superbiae,

225 1909 326 1969 durch:
353 1908 396 1963 ‘es
418 1907 577 1977 abgssehen
599 1908 693 1965 haben
715 1905 784 1965 eui.
838 1905 922 1974 bitur,
936 1904 1277 1973 uisset-iubonosis
1290 1908 1398 1960 coateri·

225 1981 293 2039 Zum
307 1978 483 2050 Konjunktir
500 1979 556 2050 vgl.
571 1985 586 2045 ᾖ
600 1984 616 2034 6
635 1995 708 2034 nunc
722 1995 786 2048 cum
838 1978 918 2044 tiore,
938 1982 1003 2047 §56
1021 1995 1077 2035 nou
1094 1976 1197 2035 iniuria
1214 1977 1245 2032 L.
1265 1975 1397 2042 Murenae

226 2052 401 2110 ...vocent
432 2081 465 2091 —
493 2067 551 2106 coe
567 2051 646 2112 mocio
665 2050 786 2117 laudari,
839 2049 888 2103 sed
905 2048 1019 2112 honoris
1038 2049 1216 2104 contentione
1230 2047 1397 2117 permotum.

224 2123 297 2178 ohne
315 2139 385 2189 non,
412 2122 476 2176 weil
500 2122 550 2180 dee
569 2119 785 2190 gemeinschalt·
839 2151 873 2160 -
893 2136 991 2186 causo,
1014 2137 1052 2175 sc.
1071 2117 1198 2175 amicitia
1215 2134 1320 2188 magua
1339 2117 1398 2174 Mu·

223 2193 298 2248 liche
327 2193 450 2247 Verbum
482 2193 522 2246 im
553 2193 670 2246 aweiten
703 2191 785 2246 Glied
838 2207 932 2246 ranae.
951 2222 984 2232 —
1008 2191 1151 2260 superbiae
1169 2187 1399 2258 umidiorisque,

224 2265 309 2331 steht,
324 2263 381 2334 vgl.
392 2264 472 2321 ibose.
487 2263 549 2322 Am.
564 2269 623 2328 §tc
637 2265 786 2332 propterea
840 2262 874 2316 de
893 2261 963 2330 lege
975 2278 1033 2334 egr.
1050 2267 1074 2327 1,
1091 2267 1125 2316 18
1144 2259 1193 2329 qui
1211 2261 1290 2316 loeus
1301 2300 1307 2314 .
1318 2300 1325 2314 .
1336 2301 1342 2314 .
1354 2275 1398 2314 su-

169 2391 170 2396 ,
225 2336 300 2405 quod
320 2336 369 2404 qui
387 2336 499 2392 tantum
512 2333 621 2393 facinus
640 2334 786 2402 commise-
860 2333 968 2398 erbiam
996 2336 1025 2392 et
1052 2331 1246 2399 crudelitatem
1270 2329 1400 2402 munisse

224 2410 289 2475 runt
307 2423 362 2472 non
376 2406 459 2471 modo
479 2403 539 2472 sine
555 2419 621 2459 cura
634 2405 786 2474 quiescere,
840 2351 951 2460 dicitur.
973 2434 1007 2444 -
1024 2404 1178 2470 inussisset,
1196 2402 1225 2457 in
1241 2401 1301 2457 ora
1318 2408 1345 2469 1,
1366 2405 1398 2454 13

224 2479 272 2544 sed
300 2494 335 2532 ne
360 2477 466 2546 spirare
490 2477 602 2552 quidem
626 2477 686 2532 sine
708 2481 787 2534 metu
840 2490 913 2544 quae
937 2475 1004 2534 nota
1023 2462 1193 2529 domesticae
1217 2471 1398 2542 turpitudinis

224 2550 347 2619 possunt.
363 2578 397 2588 -
411 2547 691 2614 etiamalieaiseimoe,
702 2547 787 2601 ‘auch
840 2546 1002 2600 noninusta
1014 2545 1164 2601 vitaetuae
1174 2546 1235 2600 est?
1254 2573 1287 2584 -
1306 2543 1399 2598 esuis

104 2668 106 2673 s
225 2635 297 2690 gena
328 2619 449 2688 iremde,
485 2618 692 2685 wildlremde',
729 2618 786 2688 agl.
841 2616 998 2687 anteprieht
1015 2617 1080 2674 dem
1093 2613 1343 2686 rcrhergchenden
1356 2612 1397 2670 di-

225 2696 240 2757 §
259 2696 293 2745 45
308 2691 355 2744 fin.
373 2690 432 2744 und
450 2689 486 2745 de
504 2691 575 2744 crat.
594 2689 621 2742 ΙΙ
639 2695 654 2755 ς
673 2693 727 2743 200
745 2689 787 2742 ni·
840 2688 934 2758 gaitsa
956 2687 1091 2755 hominis,
1114 2693 1139 2742 et
1156 2686 1323 2743 neumatis
1345 2685 1399 2756 den

224 2760 267 2824 hil
298 2761 369 2816 mihi
396 2761 433 2824 ed
460 2759 712 2822 existimationem
729 2762 787 2816 tur·
841 2759 959 2820 Worten
973 2758 1087 2820 honoris
1097 2800 1104 2813 .
1115 2801 1121 2814 .
1134 2755 1317 2828 ‚amplitudo
1336 2771 1401 2820 cuc·

222 2832 289 2905 pius
321 2831 448 2896 accidere
479 2847 561 2901 posse
588 2848 674 2900 quam
702 2832 727 2888 si
753 2831 784 2898 is,
839 2847 899 2892 som
916 2831 989 2891 tanti
999 2829 1119 2898 periculi
1133 2855 1166 2890 =.=
1181 2846 1244 2890 eum
1258 2831 1339 2892 areo
1352 2843 1400 2898 pe·

225 2902 275 2973 qui
302 2918 386 2973 saepe
414 2903 589 2964 alienissimis
616 2920 709 2970 ome,
736 2903 786 2958 sed
839 2901 928 2958 riculo
947 2899 1138 2966 coniunctam
1160 2901 1209 2960 der
1227 2899 1346 2957 Genetiv
1364 2898 1401 2952 ist

225 2974 296 3034 meis
322 2977 419 3036 tamen
446 2973 553 3030 civibus
579 2972 665 3037 saluti
692 2973 784 3034 existi·
839 2974 882 3030 als
900 2988 962 3042 gea.
977 2972 1052 3040 qual.
1072 2971 1257 3032 auluufessan
1278 3001 1310 3012 -
1329 2971 1395 3032 iate

225 3063 317 3102 maner
335 3046 435 3114 fuisse,
459 3044 551 3106 sodali
568 3062 632 3106 mec
650 3046 786 3107 auxilium
839 3060 928 3114 prum,
941 3048 981 3110 at,
1000 3043 1210 3111 gewdhnlicher
1223 3040 1288 3102 Ace.
1303 3057 1327 3096 c.
1341 3039 1401 3108 int,

225 3116 296 3175 ferre
314 3133 372 3173 non
390 3117 523 3186 potuisse.
840 3115 1010 3246 Τὲἑὲᾙὲθῗ
1021 3109 1400 3243 ᾒίὲίαηέἰὲοὲξίὶεθνωὲῑὸἰὶῦῖιέι

1014 3202 1068 3240 mlr
1097 3204 1130 3240 Ul*
1174 3201 1202 3236 m
1389 3212 1399 3222 ·

261 3255 308 3317 IV.
327 3258 495 3312 mihioutem
508 3256 787 3326 imhlegensataaum
841 3255 914 3315 liche
942 3255 1108 3326 Thatigkeit
1139 3270 1169 3310 so
1196 3200 1401 3312 bohengloh-

226 3327 477 3396 vorhergehenden
491 3329 577 3394 etiem
591 3325 786 3390 alienissimos.
841 3345 955 3397 surgen
977 3347 1010 3384 au
1028 3325 1079 3380 teil
1103 3324 1231 3390 worden,
1259 3325 1354 3388 umis
1372 3340 1400 3383 ee

212 3430 262 3457 .-
275 3400 408 3458 amieria.
428 3398 484 3454 Oic.
498 3397 574 3456 fehlt
588 3398 649 3459 sich
662 3416 711 3453 aur
720 3397 788 3454 Ver-
842 3397 990 3462 mnerseiis
1010 3395 1270 3466 Versehlageuheit‚
1290 3397 1402 3456 andrer·

226 3469 374 3541 teidigung
397 3470 446 3526 des
469 3469 585 3534 Murena
611 3470 789 3540 verpflichtet
842 3471 909 3526 scits
923 3466 1306 3534 Undanlrberkeitverraten‚
1320 3482 1401 3524 wenc

226 3545 254 3611 a>
277 3542 366 3598 durch
393 3540 440 3597 ein
465 3542 537 3596 altes
559 3540 788 3599 Freuudschafts·
842 3543 927 3610 einer,
947 3557 977 3598 sc
995 3539 1059 3600 sehr
1073 3556 1104 3594 er
1118 3556 1147 3594 es
1161 3537 1399 3602 conmonachis,

226 3612 391 3681 verhtltnis,
406 3613 436 3682 b)
446 3611 536 3666 durch
550 3611 596 3668 die
609 3612 787 3682 personliehe
842 3612 919 3676 diere
934 3609 1017 3666 Thuri
1037 3608 1099 3664 heit
1117 3610 1297 3680 niederlegte„
1316 3607 1399 3669 nach·

226 3685 284 3740 und
299 3683 433 3741 emtliehe
448 3683 553 3741 Wtrde
568 3684 617 3740 des
627 3682 787 3753 Angeklag·
842 3683 906 3742 dem
916 3699 946 3738 er
953 3628 1224 3751 jeueitelohnuagen
1233 3677 1398 3739 eruorbea’.

226 3761 290 3824 ten,
314 3757 339 3822 c)
358 3755 446 3811 durch
469 3754 515 3810 die
533 3751 713 3810 Redlichkeit
730 3755 788 3811 und
843 3783 877 3794 -
891 3753 1033 3823 mommo
1044 3753 1100 3814 und
1110 3752 1185 3813 seur.
1195 3750 1326 3809 Fermeln
1337 3747 1399 3806 sind

227 3825 423 3910 Dankbarheit
440 3827 602 3911 gegendber
615 3825 680 3888 dem
690 3825 789 3887 Vallis.
843 3825 908 3881 dem
918 3824 1013 3880 Cicero
1028 3825 1090 3880 sehr
1104 3822 1235 3894 galeatis,
1250 3821 1307 3905 νςΙἱ
1318 3822 1397 3880 Ruso.

228 3897 697 4049 mriiiipiiiiimiiiiiffdosss
713 3897 789 4036 {iiii
841 3895 911 4033 iii
920 3897 1397 4033 iniiriieii⁵1ii⁶nfflii,⁵ii¹ii⁶i

229 4039 330 4094 culum.
351 4037 395 4092 Da
409 4040 455 4094 dre
469 4056 568 4109 weges
582 4039 706 4100 ambitus
720 4038 788 4094 Ver·
842 4053 926 4106 quem
932 4037 1011 4124 ,ipsi
1034 4055 1096 4100 cum
1113 4041 1254 4104 aperiet,
1277 4051 1332 4097 con
1349 4051 1398 4104 po·

142 4161 143 4166 ,
228 4109 362 4167 urteilten
384 4111 457 4166 nach
482 4110 532 4167 der
554 4111 599 4168 lex
619 4110 713 4168 Tullia
735 4109 788 4172 mit
840 4110 955 4172 buerunt
973 4109 1106 4168 occidere.

227 4179 417 4250 Ausstolsung
449 4199 499 4244 aus
526 4181 590 4236 dem
618 4182 705 4244 Senat
730 4181 788 4238 und
877 4187 902 4239 9.
921 4183 995 4238 ei·-
1008 4179 1165 4250 eucapiae.
1185 4177 1238 4239 Die
1252 4177 1312 4233 drei
1327 4174 1398 4239 Glie

228 4251 426 4322 zehnjthriger
453 4253 643 4322 Verbannung
669 4251 789 4312 bestrait
842 4251 892 4310 der
910 4251 1095 4321 anteprechen
1112 4250 1184 4307 auch
1203 4248 1251 4306 der
1265 4247 1334 4305 Zehl
1352 4247 1399 4306 der

122 4394 125 4402 .
229 4323 353 4406 wanden,
373 4324 487 4388 erlitten
501 4323 541 4378 sie
557 4323 618 4378 eine
632 4322 733 4392 capitis
747 4322 788 4376 dr'·
841 4324 939 4384 Worte
958 4322 1030 4384 noch
1048 4321 1103 4382 deu
1116 4319 1267 4390 folgenden
1280 4319 1397 4390 fuge...

228 4395 356 4452 minutio.
383 4426 417 4436 —
442 4396 572 4458 obruebcr
591 4420 624 4442 ε
644 4393 788 4452 oblittera·
842 4394 978 4464 coarguit.
997 4423 1031 4434 -
1050 4398 1076 4452 te
1094 4397 1216 4460 cudere,
1243 4389 1306 4456 ‘auf
1320 4391 1399 4452 deine
