3026 4812
410 221 482 277 PRO
501 219 532 275 L.
551 218 710 276 Mundus
729 218 863 275 ORATIO
881 223 1005 274 47-50.
1256 214 1298 281 39

119 385 262 448 alacrem
286 386 383 468 atque
407 383 536 462 laetum,
560 382 716 466 stipatum
740 381 837 446 choro
856 380 1045 464 iuventutis,
1067 379 1224 444 vallatum
1248 379 1297 444 in·

123 473 249 538 dicibus
273 475 369 556 atque
394 471 533 555 sicariis,
559 471 705 535 inflatum
729 492 802 535 oum
827 491 884 552 spe
907 468 1116 534 familiarium
1139 472 1210 533 tum
1233 468 1297 532 col-

127 561 218 646 legae
241 561 318 644 mei,
349 559 662 644 quemadmodum
690 559 820 623 dicebat
841 559 926 642 ipse,
951 557 1137 642 promissis,
1165 555 1299 622 ciroum·

124 650 275 714 fluentem
311 649 500 714 colonorum
533 648 760 712 Arretinorum
797 649 829 710 et
859 645 1114 712 Faesulanorum
1148 645 1302 728 exercitu,

126 760 222 822 quam
250 738 381 802 turbam
414 735 630 802 dissimillimo
664 758 702 800 ex
730 756 847 820 genere
878 735 1125 819 distinguebant
1151 733 1300 800 homines

125 827 267 910 percussi
295 824 420 890 Sullani
447 825 604 908 temporis
634 824 840 907 calamitate3
867 823 977 888 voltus
1004 823 1108 908 ipsius
1137 825 1208 888 erat
1233 822 1301 906 ple-

124 929 184 979 nus
211 915 345 997 furoris,
374 914 460 979 oculi
487 914 629 995 sceleris,
659 934 765 977 sermo
789 912 1016 997 adrogantiae,
1048 913 1094 978 sic
1123 915 1160 976 ut
1182 911 1300 975 eiiam

123 1004 310 1088 exploratus
339 1006 372 1067 et
399 1001 487 1067 domi
515 1001 661 1067 conditus
690 1001 879 1067 consulatus
907 1001 1078 1066 videretur.
1131 999 1301 1065 Murenam

125 1092 369 1176 contemnebat,
405 1089 584 1174 Sulpicium
615 1093 834 1156 accusatorem
869 1111 962 1155 suum
993 1089 1202 1172 numerabat,
1234 1109 1301 1152 non

124 1181 381 1264 competitorem3
410 1179 491 1244 mihi
513 1179 578 1244 vim
604 1179 828 1261 denuntiabat,
858 1178 1079 1262 reipublicae
1103 1178 1299 1243 minabatur.

126 1269 241 1352 quibus
265 1269 361 1333 rebus
385 1268 440 1352 qui
462 1268 561 1332 timor
583 1267 679 1332 bonis
702 1267 853 1333 omnibus
882 1267 1018 1332 iniectus
1041 1268 1085 1331 sit
1113 1237 1348 1354 quantaqueffi'

125 1357 306 1441 desperatio
331 1357 378 1421 rei
402 1356 566 1440 publicae,
591 1356 620 1420 si
642 1357 696 1421 ille
720 1355 825 1420 iactus
850 1360 946 1439 esset,
970 1355 1072 1420 nolite
1097 1378 1116 1418 a
1138 1377 1190 1420 me
1213 1376 1297 1420 com-

125 1447 250 1510 moneri
273 1445 370 1511 velle:
398 1447 523 1509 vosmet
549 1444 613 1527 ipsi
641 1444 806 1509 vobiscum
834 1443 1058 1509 recordamini.
1105 1443 1298 1508 meministis

122 1535 222 1614 enim,
245 1555 316 1598 cum
338 1533 427 1598 illius
450 1531 569 1597 nefarii
592 1532 781 1618 gladiatoris
805 1533 1195 1620 vocespercrebuissent,
1217 1553 1299 1616 quas

124 1622 281 1687 habuisse
298 1623 332 1687 in
351 1622 502 1687 contione
522 1621 700 1686 domestica
718 1622 894 1705 dicebatur,
917 1643 990 1687 cum
1009 1621 1202 1687 miserorum
1219 1621 1299 1684 fide·

124 1713 187 1776 lem
218 1710 419 1776 defensorem
451 1713 605 1795 negasset·
629 1711 767 1775 inveniri
797 1731 905 1793 posse,
937 1710 1000 1775 nisi
1028 1732 1115 1794 eum,
1147 1711 1202 1794 qui
1228 1709 1300 1793 ipse

125 1801 226 1865 miser
249 1803 348 1883 esset,
375 1799 576 1884 integrorum
603 1802 638 1863 et
660 1798 899 1865 fortunatorum
922 1799 1091 1884 promissis
1115 1799 1242 1864 saucios
1266 1800 1300 1862 et

122 2044 211 2100 olocr.
237 2044 451 2114 clunabulum,
474 2059 526 2112 pro
549 2041 630 2099 Fout.
651 2049 685 2098 33
739 2061 795 2098 von
817 2059 884 2100 suus
907 2062 935 2113 p.
960 2044 1068 2110 Quinct
1093 2047 1108 2108 5
1127 2047 1161 2096 29
1180 2042 1298 2098 Alfenus

124 2114 155 2168 hi
165 2117 263 2169 contra
273 2115 411 2185 vagantur
421 2115 490 2170 lacti
497 2116 581 2182 atoue
590 2115 685 2170 crecti.
739 2115 847 2169 interca
860 2115 966 2169 Romae
985 2131 1048 2169 cum
1066 2113 1122 2168 isto
1141 2113 1300 2184 gladiatore

125 2217 157 2225 —
176 2186 241 2240 coll.
255 2186 314 2241 ind.
330 2190 410 2255 atque
422 2187 480 2254 sie,
498 2201 549 2255 pro
564 2185 635 2240 Soet.
651 2190 685 2240 95
739 2184 837 2241 vetulo
862 2183 965 2258 cotidie
983 2185 1141 2256 pugnabat:
1166 2185 1299 2240 utebatur

120 2256 172 2324 qui
188 2256 307 2325 stipatus
321 2271 430 2325 semper
440 2255 557 2323 sicariis,
572 2259 686 2326 saeptus
733 2255 844 2326 'populo
872 2272 938 2310 sane
960 2272 1022 2324 sao,
1052 2257 1119 2311 Hor.
1142 2272 1185 2325 ep.
1210 2259 1239 2324 9,
1263 2260 1299 2309 30

122 2327 249 2395 armatis,
264 2327 536 2384 munitusindicibus
550 2326 613 2382 fuit.
633 2325 685 2382 Die
740 2327 831 2384 ventis
849 2327 940 2381 itums
958 2343 1015 2382 non
1032 2329 1091 2382 suis
1110 2353 1144 2372 =
1163 2326 1297 2382 adversis.

124 2397 244 2464 indices,
278 2397 407 2466 Angeber
433 2415 490 2453 von
519 2397 686 2467 Profession‚
741 2428 774 2439 -
789 2399 858 2452 milri
870 2399 926 2452 uim
935 2399 1125 2465 denuntiabat,
1139 2397 1299 2458 llichirch-

125 2467 188 2522 sind
211 2466 257 2521 die
280 2466 446 2538 Vorgtnger
472 2469 523 2522 der
545 2469 684 2524 delatores
738 2470 797 2523 tete
817 2468 863 2524 ein
876 2470 1009 2524 Attentat
1022 2469 1074 2524 auf
1088 2469 1164 2524 scine
1179 2469 1297 2535 Person3

123 2540 153 2593 in
179 2538 228 2593 der
247 2536 409 2592 Kaisarzeit.
433 2568 467 2578 -
490 2539 605 2608 cellmua
622 2541 684 2608 mei,
736 2540 794 2610 vgl.
814 2545 830 2606 ξ
850 2545 892 2595 52.

123 2611 172 2663 des
198 2607 226 2663 (l.
246 2607 386 2664 Antonius
404 2608 540 2690 Hybrida,
558 2611 683 2665 -eolo-
773 2611 859 2678 XXV,
879 2616 923 2671 50.
950 2611 1040 2695 stalle
1057 2611 1149 2678 factus
1166 2615 1241 2676 esset,
1259 2624 1297 2664 so.

119 2678 682 2821 coruscaturum:
735 2682 1001 2822 iustruxit
1018 2680 1298 2821 &bulliit

120 2822 183 2877 (lat.
203 2826 238 2876 28
261 2821 410 2876 nonnullos
433 2837 468 2875 ex
487 2819 610 2876 Sullanis
634 2838 680 2876 co·
735 2822 788 2877 lite
810 2839 861 2893 per
882 2824 950 2878 deos
973 2823 1157 2890 immortales,
1180 2821 1297 2890 iudicas,

122 2891 195 2947 lonis
219 2893 319 2960 quibus
342 2892 440 2946 lubido
463 2895 547 2961 atque
572 2891 684 2947 luxuria
737 2892 811 2947 hunc
838 2893 882 2949 illi
909 2894 1040 2948 acerbum
1066 2893 1196 2948 nuntium
1223 2893 1297 2949 velle

121 2962 503 3104 esrueuuruutss
521 2963 681 3090 t
737 2962 1297 3090 uisurumusurusu

120 3106 186 3160 limo
204 3075 238 3160 ba
255 3075 350 3175 penore
368 3075 470 3175 gbhdri
486 3105 629 3160 natiirlich
648 3123 682 3160 zu
737 3111 781 3172 46,
798 3053 930 3160 rsqsuius
949 3051 1141 3174 auspiciappro
1155 3073 1236 3159 iobis
1250 3075 1296 3159 exI

122 3176 267 3243 homines3
286 3175 418 3230 ahnliche
436 3176 680 3258 Wortstellungen
737 3177 811 3247 perti
829 3175 918 3231 nolite
937 3177 1071 3231 adverms
1089 3191 1140 3231 vos
1158 3175 1232 3230 valle
1251 3191 1297 3231 ex·

121 3261 173 3316 pro
199 3245 303 3301 Milone
335 3251 369 3300 89
403 3246 481 3301 cuius
514 3247 683 3302 sententiam
736 3244 831 3318 periri.
846 3277 880 3288 -—
893 3245 1296 3316 eoam-recordamurpro

121 3319 236 3372 senatus
262 3317 352 3371 omnis
374 3317 408 3371 de
429 3318 518 3372 salute
537 3333 601 3371 mea
618 3335 681 3387 gra·
736 3319 810 3374 Cael.
825 3323 860 3374 48
879 3320 989 3373 vosmet
1006 3317 1149 3374 vobiscum
1167 3317 1295 3372 recorda·

17 3397 20 3402 '
122 3385 266 3442 vissimum
289 3392 318 3441 et
341 3389 549 3443 ornatissimam
571 3390 682 3444 secutus
735 3389 812 3443 mini.
837 3419 871 3430 -
894 3389 1075 3459 gladiatoris,
1092 3405 1123 3443 so
1142 3405 1198 3443 von
1216 3389 1294 3442 dam-

122 3461 176 3512 est.
209 3455 246 3510 Fls
261 3457 322 3511 sind
335 3458 381 3512 die
395 3459 535 3514 Mar-ianer
547 3458 681 3528 gemeint,
721 3460 831 3514 'selben
855 3459 978 3514 Catilina
999 3459 1029 3514 in
1048 3460 1108 3516 cat.
1128 3465 1159 3527 2,
1177 3464 1213 3512 24
1235 3458 1296 3529 gla-

123 3527 171 3583 dic
195 3528 283 3582 durch
301 3526 392 3581 Sullas
414 3529 610 3600 Proshription
636 3530 682 3585 ihr
735 3529 839 3584 diatori
860 3529 904 3584 illi
926 3531 1054 3586 confecto
1078 3531 1108 3586 ct
1131 3528 1235 3583 saucio.
1260 3557 1296 3568 -

124 3601 285 3668 Vermbgen
302 3599 430 3664 verloran
447 3602 555 3656 hatten.
589 3602 628 3654 Zu
648 3617 682 3655 ex
734 3601 870 3668 babuisse,
888 3601 923 3656 de
942 3618 981 3658 or.
1000 3606 1026 3670 2,
1045 3607 1096 3657 196
1115 3599 1217 3669 quibus
1236 3615 1295 3654 orn-

123 3687 225 3741 genere
249 3669 307 3740 vgl.
331 3667 360 3722 in
383 3669 443 3725 (lat.
462 3677 492 3741 2,
511 3676 546 3726 20
569 3688 624 3739 quo
647 3688 682 3727 ex
735 3671 816 3726 nibus
834 3672 927 3727 verbis
950 3689 1023 3742 quae
1047 3689 1065 3726 a
1086 3687 1132 3726 me
1150 3671 1212 3724 tum
1231 3671 1296 3724 suut

124 3739 590 3880 stristtttltltsst
606 3743 680 3868 tri·
734 3743 876 3869 isitii
893 3741 1297 3882 ttlzzsffiitstsutt

124 3887 183 3938 tror
209 3881 342 3937 Camillos
369 3883 426 3935 und
453 3883 604 3938 besonders
631 3900 682 3954 pro
737 3884 813 3952 quod
830 3884 951 3953 primum
965 3883 1082 3938 verbum
1096 3881 1244 3937 habiturus
1259 3884 1297 3938 sit

124 3953 205 4012 Font.
224 3959 259 4008 42
278 3957 311 4008 ut
329 3970 363 4007 ex
382 3969 414 4008 eo
433 3969 535 4021 genere
553 3954 681 4010 homines
736 3953 857 4021 nesciat;
873 3952 939 4008 Sall.
950 3952 1036 4023 lugi
1051 3953 1154 4008 dicitur
1167 3954 1296 4010 huiusce·

125 4019 275 4094 diligenter
293 4023 373 4079 vobis
392 4023 553 4079 retinendos
567 4024 682 4094 putetis.
736 4023 815 4078 modi
827 4025 914 4079 verba
927 4040 991 4079 oum
1003 4022 1140 4094 Iugurtha
1153 4025 1295 4079 habuisse.

125 4112 163 4158 -μ
191 4101 374 4152 acauasorem
405 4111 486 4150 caum
511 4096 682 4162 numerabat,
736 4126 770 4137 -
789 4096 963 4150 incautione
976 4097 1130 4163 domestica,
1149 4112 1178 4151 es
1192 4096 1231 4152 ist
1243 4094 1295 4150 das

122 4165 190 4220 ‘den
217 4164 319 4236 Sulpic.
348 4165 479 4221 rechnete
505 4182 535 4221 er
559 4165 602 4220 als
624 4167 682 4220 An·
737 4166 799 4222 eine
813 4167 1115 4237 Wahlversammlung,
1132 4166 1163 4221 in
1180 4167 1230 4222 der
1244 4165 1297 4221 Oa·

124 4237 389 4307 klitger'(Murenas)
409 4237 455 4291 fuir
469 4237 530 4292 sich
544 4236 625 4306 (d..h.
640 4237 682 4291 als
735 4235 820 4292 tilina
851 4237 911 4292 sein
941 4236 1200 4293 reformatorisches
1228 4237 1297 4292 Pro·

124 4307 187 4363 sich
219 4307 363 4377 urgebant,
395 4308 475 4364 nicht
506 4308 548 4363 als
580 4307 682 4363 Mitbc-
735 4323 846 4380 gramm
873 4307 1013 4378 darlegte,
1041 4326 1078 4363 an
1104 4308 1202 4362 dessen
1224 4305 1297 4363 Aus-

124 4378 252 4434 werber'.
280 4378 343 4447 Vgl.
363 4395 397 4432 zu
411 4379 502 4434 dieser
515 4375 683 4449 Bedeutuug
738 4380 861 4451 hihrung
879 4397 910 4435 er
927 4380 1000 4435 nach
1019 4378 1110 4433 seiher
1128 4375 1293 4434 definitivam
