3026 4812
233 219 275 285 26
624 219 662 276 Μ.
681 218 805 275 TULLII
822 217 1013 275 CICERONIS

233 387 267 449 et
290 386 404 448 auctor
426 382 518 448 valde
541 382 659 467 bonus,
687 381 818 466 proeliis
841 382 1056 468 promulgatis
1079 379 1222 465 ‘pellitur
1244 403 1262 445 e
1285 381 1422 447 medio'

231 494 300 538 non
314 473 428 537 solum
451 471 516 537 ista
534 475 642 537 vestra
660 470 798 537 verbosa
821 471 986 537 simulatio
1008 470 1208 555 prudentiae,
1230 470 1420 536 sedetiam

232 561 304 646 ipsa
330 561 387 626 illa
416 561 547 626 domina
569 583 691 644 rerum,
718 558 910 644 ‘sapientiaz
938 561 972 625 vi
994 560 1118 645 geritur
1140 577 1206 644 res,
1238 559 1418 643 spernitur

232 648 362 734 orator,
385 670 450 714 non
470 650 574 715 solum
598 650 729 802 vasus
752 649 787 712 in
805 649 939 714 dicendo
964 670 1001 713 ac
1019 649 1147 732 loquax,
1170 669 1281 714 verum
1304 648 1418 713 etiam

232 736 361 804 ‘bonust
389 739 540 804 horridus
562 739 606 802 mi
623 761 656 804 es
680 736 830 824 amatur’3
859 741 1003 803 vestrum
1026 758 1103 804 vero
1127 736 1270 802 studium
1296 741 1414 802 totum

230 828 323 893 iacet.
369 826 447 892 ‘uon
470 848 509 891 ex
527 827 596 892 iure
619 849 752 893 manum
773 831 971 911 consertum,¹
990 825 1047 891 sed
1069 824 1167 891 ferro'
1191 827 1298 911 inquit
1321 824 1414 891 ‘rem

231 916 401 1000 repetunt?
439 915 522 999 quod
546 917 574 980 si
593 917 640 982 ita
658 919 717 999 est,
736 915 837 998 cedat,
856 915 980 999 opinor,
999 913 1131 999 Sulpici,
1148 913 1255 980 forum
1274 915 1414 998 cestrie,

231 1007 335 1070 otium
360 1004 504 1089 militiae,
529 1005 624 1071 stilus
649 1005 768 1091 gladio,
793 1004 908 1069 umbra
931 1004 1005 1088 soli3
1034 1004 1078 1068 sit
1104 1004 1241 1089 denique
1267 1004 1302 1068 in
1330 1004 1415 1070 oiri-

231 1096 299 1158 tate
330 1115 368 1158 ea
399 1094 505 1178 prima
534 1115 602 1178 res,
634 1096 765 1178 propter
796 1115 895 1178 quam
926 1094 998 1178 ipsa
1028 1095 1078 1157 est
1110 1093 1225 1158 civitas
1257 1093 1409 1158 omnium
1474 1104 1475 1158 l

254 1204 341 1248 rmoe
365 1203 390 1247 s.

192 1205 253 1327 up
320 1205 443 1336 Vperum
480 1270 560 1336 hacc
595 1269 677 1337 Oato
713 1271 849 1337 nimium
886 1291 945 1335 nos
982 1271 1104 1335 nostris
1141 1270 1248 1335 verbis
1285 1291 1411 1356 magna

230 1359 336 1426 fecere
365 1360 566 1426 demonstrat
594 1363 626 1425 ct
653 1361 772 1426 oblitos
797 1381 868 1424 esse
899 1359 1023 1424 bellum
1052 1358 1132 1424 illud
1161 1380 1255 1424 omne
1277 1357 1410 1424 Mithri·

231 1447 373 1514 daticum
400 1471 473 1514 cum
500 1448 696 1514 mulierculis
726 1470 795 1514 esse
823 1452 964 1535 gestum:
996 1448 1081 1532 quod
1105 1468 1166 1533 ego
1191 1449 1289 1534 longe
1312 1469 1408 1513 secus

231 1538 391 1622 existimo,
413 1537 547 1623 iudices3
572 1539 673 1623 deque
693 1560 731 1604 eo
755 1545 858 1622 pauca
881 1537 1051 1623 disseram3
1073 1538 1282 1621 nequeenim
1307 1557 1408 1602 causa

230 1627 265 1690 in
292 1627 355 1692 hoo
383 1628 576 1692 continetur.
621 1648 699 1691 nam
728 1628 757 1692 si
788 1631 897 1692 omnia
926 1626 1026 1709 bella,
1055 1647 1137 1710 quae
1166 1627 1240 1691 'cum
1269 1623 1407 1691 Graecis

230 1715 404 1798 gessimus,
431 1715 667 1781 contemnende
694 1719 784 1799 sunt,
811 1715 994 1779 derideatur
1016 1714 1061 1779 ue
1088 1719 1164 1798 re‘ge
1192 1713 1319 1798 Pyrrho
1340 1713 1407 1779 'tri-

230 1805 371 1888 umphus
393 1803 446 1868 Μ’.
460 1801 560 1888 Curii,
578 1805 618 1870 de
633 1804 786 1888 Philippo
810 1803 845 1868 Τ.
859 1802 1042 1887 Flaminini,
1065 1803 1104 1868 de
1118 1801 1243 1869 Aetolis
1267 1802 1310 1868 M.
1328 1802 1408 1868 Ful-

231 1893 284 1974 vii,
308 1893 346 1957 de
369 1914 446 1979 rege
469 1891 566 1958 Perse
589 1892 626 1958 L.
650 1893 756 1977 Pauli,
785 1892 824 1957 de
846 1891 1123 1976 Pseudophilippo
1151 1891 1187 1967 Q.
1211 1891 1343 1977 Metelli,
1367 1891 1406 1957 de

233 1978 412 2047 Corinthiis
435 1981 471 2047 L.
489 1981 650 2048 Mummii:
678 1983 729 2046 sin
751 1981 831 2047 haec
854 1981 940 2046 bella
967 1982 1160 2063 gravissimo
1187 1981 1406 2066 victoriaeque

233 2090 344 2136 eorum
375 2071 537 2136 bellorum
566 2071 765 2136 clarissimae
796 2071 940 2155 fuerunt,
973 2091 1030 2154 our
1058 2068 1225 2136 Asiaticae
1256 2070 1404 2136 nationes

233 2163 330 2244 atque
353 2160 407 2224 ille
431 2182 451 2224 a
473 2164 506 2224 te
528 2160 633 2224 hostis
662 2158 901 2230 contemnitur?
947 2159 1038 2242 atqui
1067 2180 1105 2222 ex
1127 2163 1274 2224 veterum
1296 2180 1405 2224 rerum

231 2250 450 2313 monumentis
483 2249 535 2313 vel
566 2248 742 2312 maximum
773 2248 897 2313 bellum
928 2248 1085 2332 populum
1117 2246 1299 2313 Romanum
1331 2269 1404 2313 cum

231 2335 396 2403 Antiocho
433 2337 572 2422 gessisse
600 2336 709 2420 vide03
741 2338 831 2402 cuius
864 2336 944 2400 belli
963 2337 1076 2418 ,victor
1103 2335 1137 2402 L.
1162 2334 1269 2420 Scipio
1302 2358 1404 2422 aequa

231 2428 327 2509 parta
350 2447 422 2492 cum
446 2426 481 2491 P.
502 2426 603 2490 fratre
627 2426 741 2512 gloria,
765 2447 862 2510 quam
885 2424 1013 2490 laudem
1034 2425 1090 2490 ille
1112 2425 1224 2490 Africa
1248 2447 1403 2510 oppressa

230 2617 290 2672 iure
308 2635 423 2672 manum
442 2621 615 2683 consertum,
637 2617 686 2672 sed
704 2617 788 2688 magi’
843 2617 965 2673 ditonum
989 2615 1103 2686 otioque
1126 2635 1183 2672 non
1205 2618 1289 2673 modo
1312 2619 1342 2674 in
1359 2635 1402 2674 so-

230 2687 304 2744 ferro
317 2689 389 2742 Rem
406 2689 539 2758 repetunt
555 2705 727 2758 regnumque
740 2705 789 2758 pa
843 2690 900 2743 lem
918 2690 1004 2757 atque
1022 2689 1166 2758 pulverem
1189 2688 1238 2744 sed
1260 2689 1290 2744 in
1309 2691 1400 2760 ipsum

137 2784 141 2792 ⁴
230 2759 303 2827 rant,
316 2760 424 2814 radunt
437 2759 528 2814 solida
541 2759 577 2814 vi.
597 2790 631 2800 -
650 2765 789 2816 coctor-
843 2760 993 2816 dicrimen
1001 2760 1145 2829 aciemque
1152 2760 1400 2831 produxit-pro-

215 2830 318 2885 tonus
343 2829 549 2900 ‘nurerltsrig’,
578 2829 613 2885 of.
637 2831 672 2886 de
695 2831 740 2887 off.
764 2837 790 2900 3,
839 2837 902 2902 pter
920 2848 1015 2901 quom,
1039 2831 1099 2884 ‘der
1122 2847 1151 2885 cs
1175 2831 1224 2886 der
1243 2831 1324 2888 Stant
1339 2849 1400 2888 ver-

232 2907 283 2986 113
302 2901 443 2972 Polybius,
462 2902 550 2987 bonus
568 2903 666 2985 auctor
684 2900 714 2957 in
732 2903 791 2972 pri-
844 2902 940 2970 dankt,
960 2900 1022 2956 dass
1040 2901 1082 2955 er’
1103 2902 1253 2972 (Anhang).

229 2974 628 3101 ffldttemiihodlddydidl’fldlid
641 2974 730 3115 {idid
742 2973 791 3116 {de
880 3049 922 3098 31.
942 3059 1004 3098 eam
1021 3043 1199 3111 mulierculis,
1211 3025 1284 3097 '‘mit
1297 3045 1400 3100 schwa-

230 3116 296 3170 hbrt
318 3116 364 3170 die
387 3115 570 3185 Verbindnng
595 3116 706 3185 proelia
727 3133 790 3185 pro-

229 3186 357 3255 mulgare
376 3187 439 3241 dem
454 3187 558 3241 Ennius
576 3203 620 3241 an.
653 3185 709 3241 (lic.
728 3203 789 3241 ver·

230 3254 329 3312 bindet
346 3257 396 3311 das
410 3256 534 3312 Verbum
552 3275 604 3311 nur
618 3257 671 3310 mit
687 3258 789 3326 legem,

230 3325 431 3453 guaestionem,
450 3327 627 3399 rogationem
640 3329 700 3383 und·
713 3328 788 3383 ehnl.

255 3398 371 3470 bjelrteu
380 3399 531 3469 (Anhang).
546 3430 580 3440 -
593 3399 714 3467 sebosa,
729 3404 788 3466 §26

230 3470 299 3526 satis
313 3470 437 3524 verbose.
449 3501 481 3510 -
492 3472 561 3525 dom.
571 3487 670 3536 rerum,
687 3472 722 3526 de
731 3473 788 3528 nat.

229 3543 304 3598 deor.
324 3546 417 3610 3143
436 3541 551 3596 domina
569 3558 669 3609 rerum,
688 3544 722 3596 ut
738 3559 788 3598 vos

229 3612 326 3669 soletis
345 3613 446 3679 dicere,
465 3612 615 3682 eloquendi
634 3614 688 3677 vis3
708 3613 788 3668 Tuso.

229 3690 255 3752 3,
269 3688 304 3739 25
323 3685 464 3739 somonam
482 3699 555 3753 qnae
569 3683 790 3738 dominatorum

230 3754 275 3810 sit.
284 3786 318 3795 -
328 3757 445 3823 odiosus,
457 3754 654 3825 ‘langwoilig’,
668 3754 703 3810 dc
713 3770 752 3809 or.
762 3761 788 3822 3,

230 3831 263 3880 81
283 3827 449 3882 clamatores
463 3824 555 3908 odiosi
571 3843 604 3880 ao
617 3825 739 3881 molesti.
755 3857 788 3866 -

229 3913 263 3952 aa
276 3897 338 3951 aare
350 3913 463 3952 manum
476 3903 635 3966 consertam,
650 3915 671 3952 s.
686 3915 708 3954 a.
718 3901 788 3965 §263

229 3986 263 4022 aa
273 3969 432 4042 consertum
445 3973 563 4038 ergtnze
573 3969 720 4024 vocantad
729 3986 789 4023 rem

229 4039 417 4109 repetendam.
438 4068 473 4079 —
489 4041 667 4096 umbraculi.
705 4040 789 4094 Sonat

228 4110 393 4166 bezeichnen
415 4110 514 4164 umbra
532 4111 582 4166 das
600 4109 788 4178 Privatleben,

230 4180 273 4237 sol
291 4182 342 4236 dae
357 4180 526 4247 tffcntlioha
544 4180 606 4235 hier
619 4183 658 4235 ist
670 4182 721 4236 der
735 4181 788 4235 Ge·

229 4255 344 4320 pensata
367 4253 417 4307 der
435 4251 574 4306 zwisohen
592 4251 712 4306 Friedcn
730 4251 788 4313 und

844 3116 915 3169 chen
926 3113 1080 3169 Weibern'.
1095 3145 1130 3156 -
1144 3115 1217 3185 quod
1225 3144 1259 3154 -
1268 3115 1400 3184 antimo,

844 3185 936 3240 deor.
958 3191 1057 3252 1,136
1083 3188 1158 3255 quod
1182 3184 1294 3255 quidem
1318 3187 1400 3244 certis
1477 3183 1478 3246 l

844 3255 879 3312 de
898 3256 989 3312 censis
1012 3273 1030 3310 a
1047 3256 1187 3326 plerisque
1206 3254 1290 3310 aliter
1308 3258 1400 3313 existi-

843 3329 943 3384 matur.
957 3359 991 3368 —
1002 3344 1106 3397 pauco,
1118 3328 1181 3382 ‘nur
1190 3327 1339 3398 weniges'3
1353 3331 1400 3385 der

843 3396 938 3454 Grund
953 3399 1034 3453 delur
1046 3399 1117 3453 wird
1131 3400 1219 3453 durch
1228 3415 1318 3468 neque
1328 3401 1399 3456 enim

843 3467 1399 3540 cto.angegeben.-M'.0arii2'ltnueh

843 3542 893 3596 der
911 3541 1045 3596 Sohlacht
1062 3541 1109 3596 bei
1127 3540 1278 3599 Benevent.
1308 3573 1339 3584 -
1369 3543 1397 3600 Τ.

843 3611 1005 3667 Flaminini
1013 3617 1064 3666 194
1073 3614 1147 3668 nach
1155 3613 1204 3668 der
1214 3611 1348 3670 Sohlacht
1355 3613 1399 3670 bei

842 3682 1085 3753 Kynoslrephalaa.
1110 3715 1143 3725 —
1163 3684 1204 3738 M.
1224 3683 1397 3742 rustino.

843 3754 1069 3831 -L.Pacli167
1077 3755 1150 3810 nach
1158 3754 1347 3811 derSohlecht
1355 3757 1398 3812 bei

842 3824 949 3894 Pydna.
959 3855 992 3866 -
1001 3825 1032 3896 Q.
1043 3827 1150 3882 Metelli
1155 3831 1215 3881 143.
1223 3857 1257 3866 -
1267 3827 1301 3882 L.
1309 3827 1397 3883 Mum·

842 3897 893 3951 mii
907 3902 966 3951 146.
986 3927 1020 3937 -
1038 3899 1100 3953 vict.
1111 3927 1145 3938 -
1155 3898 1293 3964 bellorum,
1307 3898 1341 3953 de
1354 3898 1396 3953 off.

842 3973 869 4037 3,
883 3974 917 4022 43
932 3969 996 4038 post
1008 3968 1156 4025 victoriam
1170 3968 1230 4023 eius
1245 3968 1314 4024 belli
1328 3971 1396 4038 quod

843 4054 906 4093 cum
921 4039 1013 4094 Persis
1026 4039 1089 4095 fuit.
1104 4069 1137 4081 -
1157 4039 1299 4096 Asiaticae
1312 4042 1395 4096 notw-

841 4125 902 4180 reee,
920 4110 950 4166 in
968 4110 1144 4177 Kleinasien‚
1163 4127 1260 4164 woran
1278 4111 1340 4174 hier
1355 4129 1394 4166 au·

841 4181 943 4238 nachst
961 4199 995 4236 au
1010 4181 1120 4238 denken
1134 4181 1179 4247 ist
1199 4197 1255 4236 war
1269 4182 1315 4238 die
1362 4183 1395 4238 'e-

842 4252 954 4308 chisobe
974 4251 1098 4322 Spraohc
1119 4201 1394 4310 vorhemcuendn—

229 4321 324 4394 Kricg.
344 4309 566 4394 Denllbcrgang
580 4322 655 4394 zeigt
668 4323 703 4378 dc
713 4323 787 4395 legg.
840 4325 887 4380 elle
896 4324 1048 4379 outone.
1063 4323 1115 4378 Die
1124 4317 1394 4380 Pronominasobliess

230 4400 255 4461 3,
271 4401 304 4449 14
323 4394 480 4452 doctrinam
494 4411 528 4450 cx
541 4393 712 4451 umbraculis
726 4411 787 4450 eru·
840 4394 902 4451 fsen
921 4393 982 4449 sich
999 4393 1040 4448 im
1053 4393 1112 4452 Iret.
1128 4411 1197 4465 geru
1215 4411 1252 4450 un
1266 4396 1393 4452 einander
