3026 4812
398 219 469 276 PRO
488 218 520 274 L.
539 216 695 273 MURENA
714 215 849 274 ORATIO
869 222 991 273 17-20.
1243 214 1283 280 17

115 388 270 452 nontam
289 381 467 469 gratiosam
487 385 520 448 et
538 381 708 446 inlustrem
727 402 824 465 qnam
838 380 1042 466 negotiosam
1057 382 1090 444 et
1103 380 1284 446 molestam.

115 473 262 540 consedit
280 472 448 558 utriusque
466 491 586 536 noman
605 469 640 534 iu
658 473 846 554 quaestura3
869 470 994 534 nullum
1007 469 1093 533 enim
1107 469 1199 534 vobis
1215 489 1285 535 sors

115 584 265 647 campum
288 561 376 625 dedit
398 562 433 625 in
456 579 711 644 quo‚excurrare
734 558 837 623 virtus
861 555 1077 644 cognoscique
1099 561 1219 641 posset

114 652 232 736 reliqui
254 648 411 735 temporis
435 648 578 735 epatium
601 649 635 712 in
658 648 899 712 contentionem
917 651 1062 712 vocatur:
1087 647 1127 711 ab
1147 651 1285 732 utroque
1299 670 1325 712 rs

114 739 333 804 dissimillima
355 737 481 804 ratione
503 738 681 802 tractatum
706 739 769 802 est:
793 734 920 802 Servius
942 735 995 800 hio
1013 736 1183 801 nobiscum
1202 736 1322 804 hanco

115 829 273 894 urbanam
293 827 446 891 militiam
459 825 685 910 respondendi,
704 825 875 910 scribendi,
894 825 1037 907 cavendi,
1055 825 1185 908 plenam
1199 825 1287 890 solli·

114 917 272 983 citudinis
300 938 338 982 ac
360 915 533 998 stomachi,
562 917 690 980 secutus
713 917 776 998 est3
804 913 855 978 ius
878 913 971 979 civile
995 913 1120 998 didicit,
1150 915 1288 979 multum

116 1005 280 1092 vigilavit,
307 1005 483 1088 laborarit3
510 1007 640 1089 praesto
668 1002 779 1068 multis
807 1003 883 1088 fuit3
910 1003 1086 1068 multorum
1115 1003 1289 1068 stultitiam

115 1117 289 1179 perpessus
317 1098 381 1176 est,
415 1093 643 1178 adrogantiam
675 1091 821 1177 pertulit,
853 1091 1079 1157 difficultatem
1108 1092 1288 1176 exsorbuit3

116 1184 200 1250 vixit
217 1183 259 1250 ad
277 1182 415 1248 aliorum
434 1183 614 1266 arbitrium,
632 1201 699 1246 non
717 1181 758 1246 ad
778 1203 881 1248 suum.
914 1201 1033 1266 magna
1051 1181 1123 1245 laus
1142 1183 1175 1246 et
1194 1184 1290 1266 grata

117 1271 280 1342 omnibus,
297 1293 399 1358 unum
431 1271 597 1336 hominem
630 1270 797 1336 elaborare
824 1270 859 1333 in
887 1291 926 1334 ea
954 1269 1103 1355 scientia,
1135 1291 1218 1355 quae
1247 1270 1290 1334 sit

117 1362 229 1426 multis
251 1360 431 1447 profutura.
467 1359 544 1444 quid
562 1357 699 1424 Murena
721 1359 868 1423 interea?
904 1357 1083 1424 fortissimo
1108 1359 1141 1422 ct
1164 1359 1330 1442 sapien-²⁰

114 1451 245 1515 tissimo
268 1450 352 1533 viro,
377 1470 503 1513 summo
525 1448 715 1530 imperatori
738 1448 864 1532 legatus
884 1446 933 1528 [L.
952 1446 1101 1530 Lucullo]
1125 1445 1199 1511 fuit:
1223 1469 1287 1532 qua

115 1540 153 1604 in
174 1539 339 1624 legatione
361 1538 453 1603 duxit
476 1538 660 1620 exercitum,
683 1536 779 1622 signa
798 1536 943 1619 contulit,
966 1557 1098 1600 manum
1117 1536 1290 1620 conseruit,

116 1647 256 1713 magnas
271 1627 382 1712 copias
400 1626 543 1692 hostium
557 1624 650 1709 fudit,
668 1626 763 1691 urbes
782 1626 903 1710 partim
922 1625 964 1708 vi,
981 1625 1102 1708 partim
1121 1624 1290 1690 obsidione

117 1719 218 1801 cepit,
236 1717 350 1781 Asiam
372 1715 471 1781 istam
494 1715 647 1781 refertam
671 1718 704 1779 et
726 1715 862 1780 eandem
881 1714 1052 1779 delicatam
1072 1715 1118 1780 sio
1137 1713 1229 1798 obiit,
1249 1717 1289 1778 ut

115 1807 152 1870 in
175 1827 213 1870 ea
235 1826 340 1891 neque
365 1804 520 1870 avaritiae
539 1825 645 1888 noque
663 1804 808 1869 luxuriae
826 1803 1002 1888 vestigium
1018 1802 1199 1888 reliquerit3
1222 1823 1292 1868 ma·

115 1896 204 1961 ximo
231 1895 374 1960 inbelle
399 1895 445 1959 sic
468 1897 519 1958 ost
540 1896 702 1978 versatus,
730 1896 767 1957 ut
793 1892 847 1958 hic
873 1892 993 1957 multas
1021 1913 1073 1956 res
1097 1895 1130 1956 et
1152 1911 1291 1976 magnas

16 2029 20 2034 -
117 1983 187 2048 sinc
213 1984 408 2068 imperatore
435 1981 587 2068 gesserit,
613 1982 740 2046 nullam
767 1981 837 2046 sino
864 1982 927 2046 hoc
954 1981 1141 2066 imperator.
1192 1983 1291 2064 atque

119 2203 153 2252 '18
175 2198 261 2266 atque
281 2194 367 2250 etiam
386 2192 491 2250 Othoni
509 2193 678 2261 quibusdam
731 2193 872 2262 vigilavit,
894 2191 1044 2258 loboravit,
1066 2189 1191 2246 beliebte
1210 2207 1293 2259 asyn-

118 2265 218 2320 diebns
233 2265 352 2336 populus
367 2268 396 2320 et
408 2265 489 2320 miles
505 2307 512 2320 .
527 2306 533 2320 .
550 2307 556 2320 .
572 2263 678 2320 Neroni
732 2263 858 2319 debecho
885 2262 1083 2333 Verbindung‚
1111 2262 1157 2317 die
1185 2261 1294 2332 sprich-

120 2335 226 2392 Othoni
262 2333 443 2392 adclamavit.
481 2367 513 2376 -·
549 2337 679 2402 macedtt,
731 2333 862 2390 wortlich
885 2351 1014 2405 genesen
1038 2351 1073 2388 zu
1095 2333 1155 2388 sein
1172 2333 1291 2402 schaint,

121 2407 237 2474 ‘ruhte’,
251 2405 375 2460 insolam
388 2423 419 2460 er
431 2406 510 2461 nicht
523 2407 563 2460 im
573 2405 678 2461 Mundo
732 2405 767 2462 cf.
787 2405 847 2461 car.
863 2412 889 2474 3,
903 2411 949 2473 16,
970 2404 1038 2460 Sall.
1052 2404 1113 2461 oet.
1128 2409 1172 2473 54,
1186 2411 1204 2458 4
1223 2406 1290 2472 (An-

120 2477 269 2533 derLcute
277 2493 342 2532 war.
358 2507 392 2515 -
406 2477 678 2545 οαηῳανη,ᾱειιΤτο-
731 2477 826 2546 hang).
846 2508 880 2517 -
894 2492 1040 2546 perparuo
1063 2481 1101 2530 cet
1119 2505 1153 2516 -
1167 2476 1294 2546 pertulit,

118 2546 677 2632 puscampns‘l'eld’gebrauchtderLat.
732 2547 1293 2617 aheneodeor.a‚rr.-eaacrtoit,aum

118 2635 220 2675 rmmor
245 2637 298 2674 nur
320 2618 350 2672 in
373 2616 533 2689 Beaiehung
554 2617 605 2672 anf
625 2619 680 2673 don
732 2618 840 2689 Tropus
858 2619 915 2690 vgl.
931 2619 1008 2675 Brut.
1022 2623 1037 2684 ς
1052 2617 1184 2672 scarico
1202 2617 1295 2672 homi-

120 2707 236 2816 camlpus
254 2689 373 2815 glamssus
397 2689 496 2814 {gohier
514 2691 679 2814 excmrtoge),
733 2691 988 2816 numngieptiasbac
1001 2688 1144 2816 stuhfflidis'
1164 2704 1237 2772 quae
1251 2689 1295 2744 dc

120 2778 323 2888 strada
342 2772 681 2904 sintharius
733 2764 1296 2914 {trustis‚rtstfntlatff

81 2931 83 2938 ·
118 2905 215 2974 hang).
734 2903 793 2957 bat.
835 2903 959 2958 Ahnhoh
981 2904 1020 2958 1st
1041 2919 1125 2957 unser
1148 2903 1228 2957 mehr
1245 2902 1296 2957 der

158 2982 199 3031 19.
223 2979 385 3040 tractatum,
409 2970 512 3030 (tornis.
536 2979 567 3044 4,
586 2979 620 3028 33
644 2988 682 3026 an
735 2973 949 3044 gewbhnlichen
966 2973 1089 3042 Sprache
1108 2972 1296 3042 angehbriger

120 3047 156 3102 ad
172 3062 252 3101 suam
265 3045 421 3101 revertetur
434 3045 579 3115 antiquam
592 3044 682 3100 vitam
735 3045 844 3114 Tropus
855 3043 1151 3099 ‘hinunterschlnclren
1159 3042 1294 3098 miissen’.

52 3145 59 3148 -
121 3116 227 3174 alicubi
245 3117 362 3172 honesto
380 3117 549 3171 tractatam?
735 3145 769 3157 -
784 3116 878 3171 multis
893 3147 926 3156 -
936 3115 1102 3185 profutura,
1121 3131 1152 3170 so
1165 3130 1221 3169 von
1234 3111 1296 3169 der-

157 3189 203 3244 lX.
223 3189 360 3244 urbanum
373 3187 513 3254 militium,
527 3185 681 3257 oigentlich
735 3187 833 3243 selben
852 3185 1177 3256 Rechtsgelohrsamkeit
1199 3186 1235 3240 dc
1253 3201 1293 3240 or.
1411 3251 1413 3256 Ι

122 3257 170 3312 ein
197 3255 356 3330 ὄξύμωρρν,
385 3259 438 3312 mit
466 3258 558 3312 einem
580 3257 683 3328 Anflug
736 3266 761 3327 1,
776 3265 829 3313 234
848 3259 884 3314 ad
897 3257 1144 3328 multospartinet.
1172 3257 1228 3312 Der
1243 3255 1295 3311 Ge·

121 3327 277 3384 vonlronie
291 3332 340 3385 der
349 3328 557 3399 kriegerischen
567 3328 683 3398 Thatig·
737 3333 853 3401 geniata
871 3331 1009 3386 awischen
1027 3347 1114 3384 unum
1126 3328 1185 3383 und
1198 3327 1295 3383 multis

122 3399 184 3454 heit
201 3398 330 3454 Murenae
349 3401 633 3472 gegem'ibargestellt.
648 3430 682 3440 -
736 3401 839 3456 ebenso
863 3417 914 3472 pro
934 3401 1005 3456 Soet.
1029 3405 1064 3454 46
1088 3417 1152 3456 cum
1171 3443 1177 3456 .
1198 3442 1204 3455 .
1224 3443 1230 3456 .
1249 3415 1295 3454 me

120 3471 306 3540 respondendi
320 3499 353 3511 -
366 3473 490 3528 coucadi,
514 3471 567 3526 Die
580 3470 683 3526 beiden
735 3489 823 3527 unum
840 3474 921 3528 multi
939 3473 1129 3544 deposcerent.

123 3541 471 3612 Hauptbeschuftigungen
494 3543 545 3598 der
566 3539 683 3597 Rechts·
772 3549 815 3600 20.
834 3545 983 3611 satissime
999 3561 1039 3609 a,
1059 3557 1162 3598 summo
1180 3543 1297 3610 imperc-

123 3614 269 3682 hundigen
300 3629 395 3668 waren
426 3614 476 3668 das
503 3613 682 3684 respondere,
736 3617 800 3683 tori,
819 3616 854 3671 cf.
869 3611 1229 3686 deimpcduofortiesimi
1242 3609 1297 3664 viri

126 3685 177 3740 das
192 3683 319 3739 Erteilen
333 3683 502 3739 rechtlicher
514 3685 683 3754 Gutachtem
737 3687 766 3742 et
773 3687 875 3741 summi
881 3687 1073 3757 imperatores.
1081 3683 1179 3738 Cicero
1186 3682 1237 3736 hat
1244 3681 1297 3736 mit

122 3755 181 3810 und
194 3755 245 3811 das
256 3771 364 3822 cavere,
380 3753 615 3826 dioAnweisung,
630 3757 683 3812 wie
737 3757 936 3813 absichtlioher
945 3755 1074 3812 Feinheit
1088 3754 1142 3807 den
1157 3767 1311 3808 arneson-¹

124 3826 170 3881 ein
184 3825 420 3897 Rechtsgeschtft
432 3826 485 3880 mit
499 3827 553 3883 den
566 3827 684 3898 attigeri
737 3830 791 3882 den
798 3828 931 3883 Lucullus
941 3827 1020 3883 nicht
1029 3823 1155 3895 sogleich
1165 3825 1296 3896 genennt,

125 3897 408 3968 Sichernngsmitteln
467 3897 684 3966 abgeschlossen
737 3901 856 3954 sordem
880 3916 932 3953 nur
959 3898 1013 3953 mit
1035 3897 1177 3952 ehrendeu
1200 3895 1298 3950 Prtdi·¹

125 3969 225 4024 werde.
259 3969 312 4024 Die
331 3967 504 4024 schriftliche
522 3967 684 4040 Abfcssnng
736 3968 823 4025 haten
850 3969 1021 4025 bezeichnet.
1049 3997 1084 4008 -
1112 3969 1217 4040 legatos
1244 3965 1298 4020 mit

125 4040 174 4094 dor
192 4040 455 4110 Rechtsgeschtfte,
482 4039 535 4094 das
567 4041 683 4110 cribare,
739 4040 803 4095 dem
812 4040 898 4096 Dativ
908 4045 923 4107 ξ
934 4045 977 4100 32.
993 4069 1027 4081 -
1040 4057 1096 4110 qua
1109 4041 1141 4094 iu
1155 4039 1298 4121 legatione,

144 4110 248 4181 ilegtan
273 4111 314 4167 sie
341 4112 430 4166 durch
454 4110 515 4166 ihrc
559 4111 685 4166 cbreiber
739 4111 807 4166 Sall.
821 4111 881 4182 Ing.
895 4117 931 4169 40
949 4110 1054 4182 quique
1073 4111 1109 4165 ab
1128 4128 1161 4166 eo
1175 4127 1205 4164 rn
1219 4108 1298 4177 lega-

124 4129 684 4325 lacenaeaaron
737 4181 934 4324 liniri
955 4180 1298 4317 turcarias

548 4309 551 4316 ,
880 4299 885 4310 ·
904 4286 939 4296 ““
1131 4292 1152 4318 ·7
1240 4289 1247 4316 i

125 4327 176 4381 dae
198 4340 295 4394 agere,
323 4326 368 4381 die
391 4326 612 4396 Unterstittnnng
635 4324 685 4380 der
739 4323 800 4381 (lat.
824 4333 855 4393 2,
875 4333 921 4396 153
949 4327 978 4381 in
1001 4325 1058 4381 Pis.
1082 4329 1124 4379 57.
1152 4351 1187 4362 -
1213 4321 1298 4389 refer·

124 4397 237 4466 patroni
259 4395 308 4452 dee
331 4397 528 4473 Angeklagten
550 4398 683 4468 genennt.
737 4403 808 4468 tum,
831 4398 945 4456 absolut
966 4398 1019 4455 wie
1038 4397 1104 4450 Tac.
1127 4391 1193 4450 hist.
1212 4399 1242 4462 2,
1262 4397 1298 4447 66

180 4493 270 4536 diceros
283 4495 345 4536 Reda
357 4496 396 4536 fur
408 4497 434 4538 Ia
448 4497 551 4539 Murena.
1068 4488 1084 4538 2
