3026 4812
439 227 510 284 PRO
530 225 559 284 L.
578 226 891 284 nonannoeane
911 235 1035 284 el-ee.
1281 229 1324 292 47

116 441 119 446 .
149 388 273 472 aliquid
304 389 487 473 publicani:
524 389 613 455 ‘cave
646 391 818 475 quiequam
854 390 975 456 habeat
1006 391 1165 456 momenti
1197 390 1325 476 gratia?

150 475 314 562 supplices
337 478 439 562 aliqui
458 478 594 544 veniunt
611 479 724 544 miseri
742 481 776 543 et
794 479 994 545 calamitosi:
1018 479 1204 544 ‘sceleratus
1224 483 1257 546 et
1273 502 1325 544 ne·

146 566 249 632 iarius
272 565 388 651 suerio,
416 569 443 630 si
467 567 640 652 quiequam
671 567 894 633 misericordia
916 567 1073 633 adductus
1098 566 1234 634 feceris?
1279 568 1326 632 fa·

148 659 238 720 tetur
257 654 427 740 aliquisne
446 677 597 739 peccasse
618 659 652 720 et
669 656 738 720 eius
759 655 868 721 delicti
886 656 1013 721 veniam
1032 656 1127 740 petit:
1152 655 1325 721 ‘nefarium

149 746 200 808 eet
225 742 352 808 facinus
379 743 570 830 ignoscere?
616 747 651 808 at
673 745 743 810 leve
772 743 924 810 delictum
948 748 1011 810 est:
1042 743 1165 810 ‘omnia
1192 748 1326 829 peccata

128 835 225 897 ¹sunt
252 830 366 916 paria?
412 830 534 897 dinistiv
549 833 729 917 quippiam:
757 832 871 898 ‘fixum
898 837 931 898 et
959 836 1117 899 statutum
1144 832 1215 900 est'
1260 854 1326 898 nou

146 941 182 986 re
210 919 324 987 duetus
349 942 398 1004 er,
425 921 482 986 sed
511 921 674 1005 opinione:
711 921 852 1006 ‘sapiens
879 921 961 988 nihil
990 921 1162 1005 opinatur!
1209 922 1325 987 errasti

147 1009 260 1094 aliqua
287 1009 323 1073 in
349 1031 399 1074 re:
435 1009 595 1075 ‘maledici
622 1009 738 1094 putat?

784 1010 846 1074 hae
877 1031 916 1074 ex
944 1009 1116 1094 disciplina
1146 1009 1240 1076 nobis
1267 1010 1326 1075 illa

147 1104 237 1164 sunt:
269 1095 349 1162 ‘dixi
371 1098 407 1164 in
430 1102 546 1164 senatu
573 1119 625 1164 me
652 1120 773 1164 nomen
800 1099 979 1164 consularis
1009 1098 1172 1164 candidati
1200 1097 1324 1163 delatu—

147 1185 240 1252 rum?
288 1185 406 1251 ‘iratus
434 1186 567 1254 dixisti?
613 1186 823 1270 ‘numquam'
851 1187 958 1270 inquit
985 1186 1132 1271 ‘sapiens
1154 1187 1325 1252 irascitur?

148 1273 200 1340 ‘at
221 1276 377 1360 temporis
401 1274 519 1341 oausa'
566 1273 737 1360 ‘improbi’
766 1275 874 1359 inquit
901 1274 1060 1341 ‘hominis
1084 1277 1135 1340 est
1157 1275 1324 1340 mendacio
1442 1341 1445 1348 ,

146 1362 275 1450 fallere3
303 1367 430 1429 mutare
459 1363 655 1429 sententiam
678 1367 775 1448 turpe
799 1366 861 1448 est3
891 1366 1018 1430 exorari
1042 1364 1156 1447 scelus,
1178 1364 1324 1428 misereri

146 1450 329 1538 flagitium?
375 1453 482 1518 nostri
505 1456 612 1518 autem
635 1452 692 1532 illi,
714 1489 757 1501 -

782 1452 911 1517 fatebor
933 1453 1033 1537 enim,
1057 1450 1149 1537 (lato,
1171 1473 1224 1517 me
1246 1473 1323 1538 quo·
1336 1471 1363 1512 ea

147 1558 210 1625 que
232 1541 268 1609 iu
290 1541 511 1606 adulescentia
533 1540 675 1605 diffisum
697 1539 830 1628 ingenio
851 1561 923 1606 meo
948 1541 1114 1626 quaesisse
1137 1541 1325 1605 adiumenta

149 1628 317 1695 doctrinae
340 1666 383 1676 -
406 1629 523 1714 nostri,
544 1630 687 1714 inquam,
713 1629 764 1694 illi
788 1651 808 1694 a
830 1627 965 1694 Platone
989 1633 1023 1695 et
1045 1629 1233 1714 Aristotele,
1255 1651 1324 1694 mo-

150 1717 254 1782 derati
276 1717 426 1782 homiues
451 1721 484 1782 et
501 1718 683 1802 temperati,
707 1717 800 1782 aiunt
823 1717 908 1801 apud
932 1718 1111 1802 sapientem
1134 1718 1243 1784 valere
1267 1719 1325 1783 ali·

92 1881 98 1890 ,
150 1806 277 1890 quando
297 1806 449 1891 gratiam:
473 1807 535 1872 riri
552 1807 632 1871 boni
650 1827 720 1871 esee
743 1807 904 1892 misereri3
934 1806 1088 1872 distincta
1111 1827 1230 1892 genera
1253 1828 1324 1872 esse

150 1893 341 1960 delictorum
364 1899 398 1959 et
416 1894 560 1980 dispares
578 1916 714 1978 poenas3
738 1917 809 1960 esse
828 1894 913 1978 apud
930 1895 1098 1961 hominem
1121 1898 1325 1961 constantem

149 1983 338 2068 ignoscendi
360 1983 481 2067 looum;
504 1985 613 2069 ipsum
632 1984 812 2068 sapientem
831 2003 926 2066 saepe
946 1984 1069 2069 aliquid
1087 1983 1215 2066 opinari
1238 1984 1324 2068 quod

148 2070 291 2156 neseiat3
314 2071 411 2138 irasci
429 2094 497 2137 non
514 2075 706 2158 numqtam3
725 2071 853 2137 exorari
872 2071 1007 2137 eundem
1027 2076 1060 2136 et
1077 2071 1215 2156 placari3
1239 2071 1325 2157 quod

146 2333 326 2403 disciplinam
334 2350 413 2389 suam
423 2350 480 2390 non
489 2333 708 2389 ostentationem

147 2403 284 2460 scientiae
301 2404 351 2459 aad
369 2405 462 2474 legem
480 2404 556 2460 vitae
569 2406 658 2474 putet
673 2436 708 2445 -

146 2481 198 2600 pet.
223 2476 261 2531 ol.
280 2475 374 2546 pull,
397 2473 608 2544 parataktieehe
632 2475 708 2531 Sata·

162 2551 179 2602 d
238 2565 270 2616 g,
288 2544 385 2601 indam
404 2545 449 2600 ein
468 2544 536 2600 Cato
551 2545 627 2603 dicet
646 2563 708 2602 aus-

147 2633 182 2742 ge
227 2633 276 2672 sen
303 2615 349 2672 ist.
393 2615 491 2672 Orolsc
515 2616 633 2686 Strenge
659 2617 708 2674 des

171 2690 218 2743 ato
246 2703 338 2758 gagen
364 2686 410 2742 die
433 2686 612 2758 Zollpachler
638 2688 709 2743 wird

148 2757 323 2812 namentlich
350 2774 401 2814 aus
428 2759 494 2814 dem
516 2757 587 2814 Jahn
610 2763 642 2812 61
667 2775 709 2814 er·

150 2830 252 2884 uelint.
274 2859 305 2869 -
325 2831 416 2900 suppl.
431 2859 466 2870 -
480 2831 530 2885 col.
555 2827 644 2897 aliqui
662 2845 708 2911 ge·

149 2898 216 2954 hort
240 2917 274 2954 zu
296 2899 403 2968 miseri,
431 2901 588 2971 supplicem
612 2915 708 2955 venire

149 2971 203 3027 wie
221 2969 377 3040 supplicem
396 2987 425 3026 se
440 2971 557 3028 abicere.
578 3000 611 3011 -
630 2972 708 3041 quip-

148 3040 708 3112 piamentspriohtvollstandigdenvor-

148 3112 347 3181 hergahenden
356 3111 471 3180 aliquid,
486 3111 584 3182 aliqui,
596 3111 707 3182 aliquis.

147 3183 215 3238 Dals
238 3183 304 3240 kein
326 3183 512 3238 Unterschied
534 3183 584 3238 der
602 3183 708 3239 Beden-

149 3255 221 3322 tung
238 3255 377 3309 cwischen
394 3252 498 3312 beiden
510 3254 643 3308 Wllrtern
660 3254 708 3324 ist,

149 3323 247 3392 aeigen
262 3325 376 3393 Stellen¹
395 3325 448 3380 wie
467 3325 502 3380 de
515 3324 562 3378 fin.
578 3328 604 3392 5,
619 3329 654 3380 66
668 3325 709 3380 in-

149 3393 303 3451 ertissime·
320 3395 448 3451 homines
462 3438 469 3453 .
485 3437 491 3450 .
507 3436 514 3451 .
528 3393 672 3453 videmus.
683 3437 707 3451 ..

150 3466 201 3520 aut
219 3481 352 3535 quaerere
371 3468 531 3538 quempiam
549 3465 647 3522 ludum
660 3469 710 3521 aut

147 3551 306 3592 sermonem
337 3536 461 3604 aliquem
487 3537 642 3607 requireraq
675 3537 709 3592 de

149 3625 187 3664 or.
203 3613 229 3675 2,
244 3612 278 3663 38
293 3623 383 3676 neque
402 3607 426 3662 ei
444 3608 479 3662 de
497 3606 609 3664 rusticis
627 3608 709 3664 rebus

148 3678 275 3748 agricola
289 3676 430 3747 quispiam
438 3679 583 3736 autetiam
594 3678 710 3748 idquod

148 3749 240 3818 multi,
258 3747 384 3804 medicus
403 3750 439 3804 de
453 3749 557 3805 morbis
572 3753 621 3806 aut
635 3748 660 3806 si
674 3751 709 3805 de

147 3820 289 3890 pingendo
299 3819 390 3890 pictor
400 3820 504 3890 aliquis
512 3820 614 3876 diserte
623 3821 709 3890 scrip-

148 3891 216 3946 serit
234 3892 284 3946 aut
302 3889 405 3947 dixerit
422 3889 528 3946 idcireo
547 3890 625 3947 illius
639 3891 708 3947 artis

147 3961 273 4031 putanda
301 3963 345 4018 est
367 3961 535 4030 eloquentia.
560 3993 594 4003 —-
617 3964 665 4030 fis.
684 3969 710 4019 et

146 4037 221 4099 etat,
239 4033 320 4089 Tunc.
342 4040 370 4101 1,
389 4038 423 4088 88
443 4033 497 4088 hoc
515 4033 603 4103 igitur
619 4034 707 4103 probe

148 4102 275 4159 stabilito
295 4105 324 4160 et
341 4104 396 4160 fixo
420 4101 493 4159 illud
510 4103 707 4159 excutiendum

148 4176 199 4229 eat.
219 4205 254 4214 -
271 4176 335 4231 mal.
349 4180 412 4246 put.
441 4175 503 4229 Don
517 4175 649 4231 Vorwurf
697 4205 707 4216 ·

150 4244 202 4300 irrt
220 4263 254 4299 uu
272 4245 373 4315 haben,
392 4247 455 4302 nult
473 4261 504 4301 er
521 4246 567 4301 ldr
580 4246 643 4301 eine
655 4193 708 4302 de·

148 4314 335 4386 achimpfung.
360 4347 395 4358 ·-
419 4319 482 4373 dixi
494 4349 529 4358 -
543 4318 708 4375 delatarum.

148 4387 232 4444 Diase
255 4376 414 4458 lunermg
436 4389 485 4445 des
508 4387 579 4446 Cato
601 4388 641 4444 im
659 4388 709 4446 Se·

761 2336 813 2390 nat
830 2332 943 2388 moohte
957 2331 997 2388 im
1011 2333 1255 2404 Zusammenhang
1269 2336 1323 2389 ste-

761 2405 817 2460 hen
840 2404 893 2459 mit
920 2404 984 2458 dem
1008 2403 1136 2475 Schwnr,
1164 2405 1219 2460 den
1243 2403 1325 2460 erin

762 2477 813 2530 der
826 2474 1126 2544 Volkeversammlung
1144 2475 1265 2543 lentate,
1279 2475 1324 2545 je-

762 2548 817 2601 den
841 2547 999 2616 Bewerber,
1025 2547 1075 2602 der
1094 2546 1165 2602 Gsld
1187 2545 1325 2602 verteilen

762 2617 850 2685 liene,
865 2617 1008 2687 anklagen
1023 2635 1058 2672 au
1072 2618 1182 2674 wellen.
1198 2648 1231 2658 -
1250 2633 1323 2673 cone.

762 2690 854 2758 cond,
869 2705 900 2744 so
914 2686 1150 2756 Ciceronianisch‚
1163 2687 1244 2743 nicht
1259 2705 1323 2744 con-

764 2760 871 2814 sulatus
908 2759 1084 2815 candidatus.
1123 2790 1157 2800 -
1193 2761 1323 2829 temporis

763 2845 857 2896 cocco,
875 2847 912 2886 so.
927 2829 1023 2884 dixisti
1038 2831 1100 2885 ‘der
1113 2828 1323 2886 Zeitnmattnde

763 2901 882 2970 wegen’.
902 2931 935 2941 -
954 2903 1074 2968 morari,
1093 2907 1108 2968 ἕ
1128 2907 1175 2970 61;
1195 2907 1237 2956 68.

799 2976 841 3026 63.
869 2972 926 3027 adi.
954 2972 1057 3039 docta,
1086 2972 1112 3026 d.
1141 2972 1170 3026 h.
1199 2970 1322 3038 Sttllzen‚

762 3041 869 3098 welche
887 3042 938 3096 der
956 3040 1119 3096 Unterrioht
1136 3042 1272 3110 gewthrt
1288 3073 1324 3082 -

761 3113 806 3168 ills·
833 3129 852 3167 a
874 3112 991 3168 Platone
1017 3118 1043 3168 et
1064 3111 1154 3168 Arsai.
1195 3112 1232 3166 Es
1260 3112 1323 3167 sind

761 3183 808 3238 die
826 3182 1015 3238 Alrademiker
1036 3184 1094 3237 ond
1117 3182 1323 3274 Peripatetiker

762 3252 900 3324 gement,
919 3254 976 3322 rgl.
996 3254 1101 3324 grieeh.
1121 3251 1151 3309 oi
1167 3251 1225 3310 απὸ
1245 3251 1322 3310 Ilici·

762 3345 864 3391 τωνος,
887 3321 917 3380 oi
936 3321 994 3380 α’πό
1017 3325 1067 3394 τῆς
1082 3319 1261 3396 Ἀκαδημίας,
1288 3327 1323 3381 de

762 3395 922 3461 fin.IV§'l
942 3395 1016 3450 Zeno
1035 3399 1065 3450 et
1081 3395 1118 3451 ab
1137 3413 1170 3452 eo
1190 3396 1239 3466 qui
1257 3399 1323 3451 eunt

763 3483 800 3521 sc.
839 3465 955 3535 refecti,
974 3465 1028 3522 wis
1046 3483 1076 3522 es
1095 3467 1207 3523 Turonl.
1225 3468 1252 3521 ll
1270 3471 1286 3532 5
1305 3471 1322 3521 8

763 3537 810 3592 hei
823 3537 858 3593 st.
877 3567 911 3578 -
929 3539 1000 3593 mod.
1014 3569 1047 3580 -
1064 3543 1153 3608 temp,
1171 3553 1223 3608 pro
1241 3537 1322 3592 Font.

764 3614 798 3662 40
821 3608 852 3662 in
875 3607 1003 3663 omnibus
1021 3610 1097 3664 vitae
1115 3607 1244 3679 partibus
1262 3622 1322 3661 mo·

763 3679 892 3735 deratum
922 3696 955 3734 ac
977 3681 1195 3749 temperantem
1223 3678 1258 3732 de
1282 3695 1320 3734 or.

763 3757 788 3817 2,
802 3756 837 3806 92
856 3750 1050 3805 moderatione
1069 3747 1321 3818 attemperatione

763 3822 883 3877 sublata.
903 3851 937 3861 -
956 3827 981 3876 et
995 3845 1030 3866 =
1043 3820 1102 3874 und
1120 3819 1267 3877 demnach.
1286 3850 1321 3862 -

762 3892 1051 4016 mursa
1064 3891 1322 4032 enarrer

760 4033 969 4088 balsnbstantiv
994 4047 1049 4088 von
1076 4033 1235 4102 ignoscer03
1262 4033 1320 4103 vgl.

762 4105 873 4159 Terent.
882 4103 983 4158 Heaut.
994 4109 1019 4172 2,
1032 4109 1082 4172 1,6
1098 4106 1128 4159 et
1136 4103 1322 4175 cognoscendi

762 4179 791 4230 ct
808 4175 967 4244 canescendi
985 4175 1098 4230 dabitur
1110 4176 1220 4247 peccati
1238 4175 1319 4230 laeua

761 4274 796 4287 ·-
824 4246 896 4316 qaod
920 4248 1025 4302 medat
1039 4271 1072 4293 ==
1087 4246 1163 4315 quod
1184 4262 1241 4300 non
1263 4261 1320 4299 oer-

761 4319 823 4373 tum
842 4317 922 4384 sciat,
940 4317 977 4373 da
996 4318 1046 4372 der
1060 4315 1168 4387 Begriff
1183 4316 1232 4370 des
1246 4314 1320 4371 Wis-

762 4405 826 4446 sens
849 4389 914 4446 dem
936 4389 986 4446 dee
1004 4387 1129 4444 Meinens
1148 4386 1319 4458 gegendber·
