3026 4812
399 247 470 304 PRO
489 248 520 301 L.
539 245 696 302 MURENA
715 246 847 303 ORATIO
868 254 990 303 63-67.
1237 246 1280 311 49

109 414 193 476 tate:
226 410 281 475 sed
308 413 419 475 tamen
452 414 502 473 est
527 409 598 474 laus
632 410 740 494 aliqua
768 410 991 476 humanitatis.
1041 408 1092 474 ‘in
1119 411 1281 475 sententia

110 498 321 585 permaneto?
358 520 442 582 vero,
465 499 530 562 nisi
548 498 743 563 sententiam
762 499 923 564 sententia
942 500 1007 562 alia
1024 499 1138 564 vicerit
1156 498 1281 564 melior.
1295 517 1324 560 co

110 589 246 653 huiusce
265 587 354 652 modi
374 585 481 672 Scipio
499 587 554 651 ille
574 587 643 668 fuit,
663 609 758 672 quem
776 609 842 653 non
856 588 1045 671 paenitebat
1062 587 1169 652 facere
1186 580 1282 672 idem,

112 677 199 760 quod
231 681 284 742 tu:
322 676 441 740 habere
474 675 726 740 eruditissimum
758 675 922 741 hominem
955 674 1147 741 Panaetium
1180 677 1283 760 domi3

112 766 203 830 cuius
224 765 369 830 oratione
389 768 420 830 et
439 766 628 849 praeceptis,
652 787 847 850 quamquam
868 767 960 829 erant
979 765 1091 830 eadem
1108 765 1181 844 ista,
1201 787 1284 849 quae

113 857 147 918 te
172 854 347 936 delectant,
370 857 479 918 tamen
503 853 648 938 asperior
670 875 735 918 non
759 856 809 917 est
830 852 950 938 factus,
981 852 1050 938 sed,
1073 857 1111 918 ut
1133 854 1241 938 accepi
1265 876 1285 919 a

114 943 256 1028 senibus,
275 942 470 1007 lenissimus.
507 943 580 1025 quis
599 963 675 1007 vero
696 939 730 1006 Ο.
744 941 855 1006 Laelio
876 942 1005 1025 comior,
1025 943 1096 1028 quis
1115 943 1284 1008 iucundior

115 1031 228 1096 eodem
251 1053 289 1095 ex
313 1031 421 1096 studio
445 1029 533 1096 isto?
574 1031 646 1116 quis
670 1030 726 1096 illo
751 1030 889 1116 gravior,
913 1031 1110 1114 sapientior?
1151 1053 1286 1117 possum

111 1119 150 1184 de
174 1119 208 1184 L.
234 1119 344 1202 Philo,
371 1120 410 1183 dc
434 1117 468 1185 O.
491 1118 585 1184 Gallo
614 1111 719 1185 dicdre
746 1119 827 1184 haec
857 1119 981 1203 cadem,
1010 1119 1065 1184 sed
1092 1124 1125 1184 te
1154 1119 1286 1185 domum

112 1208 179 1272 iam
203 1209 357 1272 deducam
379 1212 484 1273 tuam:
508 1229 742 1292 quemquamne
761 1207 926 1272 existimas
946 1206 1069 1273 Catone
1087 1229 1209 1291 proavo
1227 1212 1285 1272 tuo

113 1297 378 1380 commodiorem,
404 1297 671 1380 communiorem,
695 1296 944 1362 moderatiorem
967 1296 1069 1361 fuisse
1092 1297 1132 1361 ad
1156 1317 1286 1362 omnem

31 1397 37 1410 ·
112 1385 272 1450 rationem
300 1385 535 1450 humanitatis?
576 1386 614 1450 de
644 1385 733 1450 cuius
760 1386 940 1468 praestanti
967 1386 1087 1450 virtute
1115 1407 1188 1452 oum
1211 1407 1286 1450 vere

112 1475 317 1558 graviterque
346 1473 480 1557 diceres,
513 1474 725 1538 domesticum
753 1477 785 1538 te
815 1473 934 1538 habere
962 1474 1072 1538 dixisti
1101 1475 1285 1558 exemplum

112 1563 155 1626 ad
182 1561 392 1626 imitandumz
429 1565 479 1626 est
507 1563 587 1626 illud
619 1563 747 1646 quidem
779 1563 960 1646 exemplum
990 1563 1051 1627 tibi
1080 1563 1285 1647 propositum

112 1651 209 1734 domi,
233 1651 288 1715 sed
312 1653 422 1715 tamen
444 1654 580 1716 naturae
599 1651 777 1716 similitudo
800 1651 888 1716 illius
912 1652 953 1716 ad
971 1655 1004 1716 te
1026 1652 1141 1737 magis,
1163 1652 1219 1735 qui
1243 1652 1284 1715 ab

112 1739 171 1805 illo
195 1743 285 1804 ortus
309 1760 353 1822 es,
377 1761 475 1822 quam
498 1740 538 1804 ad
561 1762 660 1804 unum
684 1761 841 1824 quemque
863 1744 1012 1805 nostrum
1035 1739 1203 1826 pervenire
1227 1762 1285 1824 po·

46 1853 49 1860 ⁴
112 1829 185 1907 tuit,
208 1828 248 1894 ad
271 1827 464 1892 imitandum
486 1849 563 1893 vero
591 1833 660 1895 tam
687 1828 768 1892 mihi
791 1829 994 1912 propositum
1017 1829 1180 1911 exemplar
1202 1827 1285 1893 illud

113 1919 163 1980 est
194 1937 290 2000 quam
319 1917 390 1982 tibi.
443 1917 499 1981 sed
531 1917 559 1982 si
590 1917 678 1982 illius
709 1918 896 1982 comitatem
926 1921 958 1982 et
986 1917 1179 1981 facilitatem
1208 1920 1284 1982 tuae

114 2005 269 2089 gravitati
293 2005 522 2089 severitatique
541 2005 726 2091 asperseris,
748 2027 816 2070 non
838 2007 904 2070 ista
927 2006 1056 2089 quidem
1079 2009 1173 2070 erunt
1194 2006 1285 2071 meli·

113 2114 186 2172 ora,
219 2114 301 2178 quae
332 2115 419 2158 nunc
451 2098 527 2160 sunt
559 2095 699 2179 optima,
734 2093 790 2159 sed
822 2098 907 2159 certe
940 2093 1070 2159 condita
1102 2095 1282 2159 iucundius.

114 2202 214 2263 quare
237 2185 274 2246 ut
298 2182 338 2246 ad
358 2183 400 2266 id,
423 2183 507 2268 quod
531 2183 669 2268 institui,
691 2185 843 2264 revertar,
865 2184 944 2248 tolle
962 2183 1044 2248 mihi
1067 2205 1084 2247 e
1108 2204 1204 2248 causa
1225 2165 1332 2280 wid

111 2353 300 2409 iunctioribus
327 2355 357 2408 in
385 2356 485 2424 quibus
509 2359 558 2410 aut
584 2358 671 2412 etiam
723 2357 850 2412 braueht.
871 2353 1284 2426 —0.Laela'm,Konsu1140,

112 2428 163 2480 aut
188 2443 244 2480 non
271 2428 430 2495 poneretur.
458 2457 493 2468 -
520 2429 552 2482 r'a
575 2429 671 2484 dissol-
723 2444 778 2482 von
806 2427 902 2484 Cicero
931 2427 1108 2498 gewbhnlich
1140 2429 1193 2482 mit
1219 2428 1284 2483 dem

111 2497 201 2551 reoda
218 2497 358 2551 seueritate
381 2513 417 2551 sc.
437 2513 472 2550 ne
492 2497 530 2552 sir
549 2515 671 2553 commo·
724 2499 875 2554 Boinaman
898 2499 947 2553 des
973 2499 1087 2554 Weisen
1111 2498 1284 2567 bezeichnet,

110 2569 157 2621 tus
175 2567 374 2622 misericordia.
409 2567 491 2622 Auch
509 2568 601 2623 dieser
619 2571 671 2623 Zu-

113 2640 173 2693 satz
197 2638 251 2693 soll
275 2638 329 2693 wie
354 2639 399 2694 die
423 2639 672 2709 vorherg'ebenden

111 2709 209 2776 (immo
231 2709 355 2764 resistito
374 2727 429 2780 ga,
452 2726 516 2764 cunr
541 2709 585 2764 offi
605 2713 635 2765 at
651 2711 671 2765 f.

133 2779 278 2848 ostulabit)
301 2780 346 2835 die
371 2783 513 2836 extremes
531 2781 672 2836 stoischon

110 2799 312 2920 bordarungen
331 2852 381 2905 aul
397 2853 447 2907 das
465 2851 586 2922 richtige
599 2851 672 2916 ‚Mass

112 2920 329 2976 curlickfr'ihren:
346 2921 399 2990 ‘Ja,
409 2923 672 2992 wenndieStrenge

98 3031 100 3036 .
114 2991 291 3063 aufgehoben
309 2993 421 3048 werden
439 2994 493 3047 soll
506 2995 533 3049 d.
547 2994 576 3048 b.
590 3011 672 3050 wenn

112 3079 169 3118 von
186 3063 285 3132 irgend
303 3063 381 3118 einer
394 3063 470 3119 Seite
484 3065 534 3118 der
546 3066 672 3121 Versuch

112 3135 245 3258 gemacht
268 3134 350 3202 abd,
377 3135 422 3189 die
446 3135 562 3204 Strenge
588 3141 621 3206 (a.
640 3137 670 3193 B.

133 3221 162 3259 es
180 3205 321 3275 Richters)
340 3223 374 3260 au
392 3205 577 3275 arschfittern,
596 3208 672 3262 danu

113 3275 154 3330 sei
173 3277 246 3344 ohne
264 3276 389 3332 Mitleidl
417 3276 568 3348 (Anhang).
589 3309 620 3318 -
639 3279 672 3332 ia

113 3351 180 3402 aar.
194 3363 292 3415 parm,
314 3347 344 3401 in
363 3349 424 3404 car.
443 3354 473 3418 2,
494 3354 526 3403 11
552 3348 577 3402 si
595 3349 624 3403 et
642 3347 672 3402 in

113 3417 182 3471 urbe
202 3417 231 3471 et
248 3417 279 3470 in
296 3418 395 3472 eadem
408 3421 502 3475 mente
516 3421 671 3489 permanet.

114 3519 147 3528 -
165 3504 236 3555 cero,
263 3487 364 3558 ‘gemb
383 3520 418 3530 -
436 3493 597 3546 seutentiam
614 3508 671 3546 aaa

113 3561 212 3626 teatio,
245 3560 386 3629 derartige
413 3561 582 3632 Haulungen
610 3561 673 3618 sind

114 3629 193 3684 nicht
212 3631 309 3700 seben,
333 3632 389 3700 vgl.
409 3631 468 3686 (lat.
486 3631 508 3700 1,
526 3639 541 3700 ς
562 3640 595 3689 14
614 3634 670 3689 alio

116 3701 220 3757 scelere
238 3703 292 3757 boc
310 3702 399 3756 scelus
419 3702 576 3760 cumulasti.

150 3848 191 3897 66.
226 3843 406 3910 Panaetium,
434 3843 671 3915 hervorragender

115 3913 236 3982 Stoilrer,
252 3915 351 3970 dassen
360 3915 448 3970 Milde
463 3916 519 3968 und
529 3915 671 3988 Umgltng·

114 3983 233 4038 lichkeit
251 3987 381 4056 gerdbmt
399 3985 476 4042 wird.
506 4016 540 4026 —
567 3988 670 4042 lamissi-

113 4071 181 4110 mm.
218 4055 270 4110 Dia
288 4056 424 4128 Meinung
443 4057 491 4112 des
510 4055 605 4112 Cicero
623 4057 670 4126 ist,

114 4125 174 4180 dass
188 4127 259 4181 eben
273 4128 359 4184 durch
369 4128 436 4198 jene
450 4126 536 4182 mildc
550 4128 671 4182 Lebens·

21 4234 25 4238 -
113 4195 277 4268 suffassung
306 4201 356 4254 des
378 4199 512 4254 Panatius
538 4197 583 4254 dic
607 4199 671 4253 dem

114 4267 207 4338 Scipio
236 4271 333 4339 eigene
359 4270 497 4326 Herbbeit
524 4270 573 4324 des
601 4268 671 4326 cha-

113 4338 222 4394 rakters
241 4341 391 4411 gemildert
409 4343 460 4410 sei;
480 4358 511 4396 so
531 4340 591 4395 dals
604 4357 671 4396 man

111 4408 167 4464 fuit
203 4429 253 4466 vor
289 4413 321 4464 ut
357 4413 436 4467 nicht
467 4431 501 4468 au
534 4416 671 4484 ergtnzcn

168 4507 257 4552 Ciceros
271 4511 334 4552 Reda
347 4509 385 4552 tur
397 4512 422 4552 L.
436 4513 537 4555 Murena.

724 2570 761 2624 ist
771 2569 898 2625 bekannt
907 2570 949 2626 als
960 2571 1162 2625 vertrautcster
1171 2569 1283 2626 Frcund

725 2640 774 2694 des
793 2640 896 2711 Scipio.
933 2641 987 2696 Mit
1004 2638 1106 2696 beiden
1124 2659 1284 2696 zusammen

724 2711 836 2766 werden
854 2712 928 2766 diter
953 2712 998 2766 die
1017 2709 1115 2782 gleicb
1132 2711 1285 2782 folgenden

725 2782 755 2836 L.
774 2781 874 2837 Furius
892 2781 989 2838 Philus
1008 2783 1125 2851 (Konsul
1144 2786 1207 2854 136)
1226 2783 1285 2838 und

726 2851 755 2907 O.
780 2851 919 2921 Sulpicius
947 2853 1284 2925 Gallus,(Konsu1166),

726 2923 776 2977 der
788 2922 830 2976 als
844 2921 933 3004 Legat
947 2924 996 2978 des
1011 2924 1041 2978 L.
1052 2913 1173 2978 dmilius
1200 2925 1285 2979 Paul·

725 2994 769 3048 lus
791 2993 831 3048 im
849 2993 952 3065 Knege
976 3010 1068 3064 gagen
1085 2994 1201 3050 Perseus
1220 2997 1284 3050 eine

725 3064 1285 3135 Mondfinsternisvoraursagte,alsKen-

725 3153 775 3191 ner
797 3135 984 3205 griechischen
1005 3135 1129 3207 Bildung
1150 3137 1208 3193 und
1231 3136 1284 3192 Be·

724 3206 897 3262 redsamlreit
919 3208 1051 3277 genennt.
1075 3239 1109 3248 -
1132 3224 1195 3264 vcro
1214 3208 1284 3263 ‘vol-

725 3278 827 3334 lends'.
853 3310 889 3320 -
913 3279 1071 3345 iucundior,
1091 3277 1283 3334 ‘liebenawur-

726 3349 827 3418 diger’.
842 3380 876 3389 -
890 3351 980 3406 eodem
993 3365 1026 3404 ea
1039 3351 1131 3406 stadto
1146 3352 1207 3416 isto,
1223 3351 1284 3404 ‘der

725 3419 894 3500 gleichwohl
927 3436 976 3474 aus
1007 3420 1153 3476 derselben
1181 3421 1282 3476 Schule

725 3491 786 3556 rst’‚
804 3491 861 3561 vgl.
877 3496 893 3557 ς
907 3495 941 3545 m
959 3491 1014 3545 fuit
1027 3492 1127 3547 eodem
1141 3509 1176 3548 ex
1189 3491 1283 3546 studio

726 3561 769 3617 vir
783 3561 916 3618 eruditus.
936 3594 970 3603 -
989 3565 1196 3619 commaculares
1211 3563 1283 3617 ‘nm-

724 3632 914 3704 ganglicber’3
933 3634 989 3704 vgl.
1007 3632 1082 3688 Lael.
1097 3639 1112 3700 ἓ
1128 3637 1161 3687 65
1176 3633 1282 3702 simpli·

724 3720 785 3758 cem
804 3705 833 3758 et
847 3721 1029 3760 communem.
1049 3732 1082 3743 —
1101 3705 1139 3758 ad
1152 3709 1168 3770 5
1182 3709 1224 3774 60,
1240 3710 1282 3761 τι.

724 3805 758 3816 -
773 3776 820 3830 sed
837 3779 929 3830 tamea
939 3806 972 3815 -
984 3777 1021 3830 ad
1034 3775 1198 3830 imitanum
1211 3792 1283 3842 cero,

726 3846 818 3899 ‘wenn
836 3847 917 3913 aueb,
938 3862 968 3899 so
988 3844 1079 3911 doch’,
1099 3844 1135 3900 de
1153 3860 1191 3899 or.
1206 3851 1232 3915 2,
1247 3853 1282 3902 84

725 3917 851 3970 attamen
870 3932 915 3969 ars
933 3915 996 3985 ipsa
1013 3913 1123 3970 ludicra
1141 3932 1283 3972 armornm

725 3990 754 4041 et
772 3983 927 4056 gladiatori
948 3986 977 4039 et
994 3984 1079 4039 militi
1096 3988 1212 4057 prodest
1230 3987 1282 4043 ali·

726 4055 802 4126 quid,
822 4056 871 4110 sed
890 4055 1000 4111 animus
1018 4073 1083 4112 acer
1101 4060 1130 4113 et
1147 4075 1281 4128 praesens

725 4157 759 4168 -
775 4127 894 4183 invictos
911 4127 987 4182 viros
1006 4129 1100 4184 elficit.
1115 4159 1149 4170 —
1163 4135 1282 4184 aatmae

724 4201 876 4254 similitudo
894 4200 972 4255 illias
987 4199 1281 4255 ‘Charakterahnlich-

724 4270 785 4324 lreit
798 4271 850 4324 mit
862 4270 943 4325 ihm'.
962 4301 997 4311 —
1016 4273 1163 4340 asperseris
1175 4271 1214 4324 irt
1227 4269 1282 4324 wie

725 4340 839 4397 condita
867 4358 923 4396 von
950 4343 1000 4397 der
1027 4341 1192 4396 Kochkuaet
1220 4344 1283 4396 ent-

723 4411 810 4482 lebnt,
829 4413 864 4468 do
882 4429 939 4468 sen.
960 4419 1001 4468 10.

1054 4509 1071 4556 4
