<?xml version="1.0" encoding="UTF-8"?>
<!DOCTYPE html PUBLIC "-//W3C//DTD XHTML 1.0 Transitional//EN"
    "http://www.w3.org/TR/xhtml1/DTD/xhtml1-transitional.dtd">
<html xmlns="http://www.w3.org/1999/xhtml" xml:lang="en" lang="en">
 <head>
  <title>
</title>
<meta http-equiv="Content-Type" content="text/html;charset=utf-8" />
  <meta name='ocr-system' content='tesseract 3.04.00' />
  <meta name='ocr-capabilities' content='ocr_page ocr_carea ocr_par ocr_line ocrx_word'/>
</head>
<body>
  <div class='ocr_page' id='page_1' title='image "./cicerosredefrlm00cicgoog_0047.png"; bbox 0 0 3026 4812; ppageno 0'>
   <div class='ocr_carea' id='block_1_1' title="bbox 196 214 978 283">
    <p class='ocr_par' dir='ltr' id='par_1_1' title="bbox 196 214 978 283">
     <span class='ocr_line' id='line_1_1' title="bbox 196 214 978 283; baseline 0.005 -15"><span class='ocrx_word' id='word_1_1' title='bbox 196 217 240 283; x_wconf 87' lang='lat'><strong>38</strong></span> <span class='ocrx_word' id='word_1_2' title='bbox 592 215 769 272; x_wconf 63' lang='lat' dir='ltr'><strong>suumn</strong></span> <span class='ocrx_word' id='word_1_3' title='bbox 787 214 978 272; x_wconf 79' lang='lat' dir='ltr'><strong>emenonis</strong></span> 
     </span>
    </p>
   </div>
   <div class='ocr_carea' id='block_1_2' title="bbox 146 378 1370 2062">
    <p class='ocr_par' dir='ltr' id='par_1_2' title="bbox 152 378 1370 640">
     <span class='ocr_line' id='line_1_2' title="bbox 194 378 1370 467; baseline 0.003 -23"><span class='ocrx_word' id='word_1_4' title='bbox 194 401 276 465; x_wconf 89' lang='lat' dir='ltr'><strong>quae</strong></span> <span class='ocrx_word' id='word_1_5' title='bbox 307 379 417 444; x_wconf 90' lang='lat' dir='ltr'><strong>tacitis</strong></span> <span class='ocrx_word' id='word_1_6' title='bbox 448 400 535 444; x_wconf 93' lang='lat' dir='ltr'><strong>nunc</strong></span> <span class='ocrx_word' id='word_1_7' title='bbox 563 379 733 444; x_wconf 81' lang='lat' dir='ltr'><strong>discordiis</strong></span> <span class='ocrx_word' id='word_1_8' title='bbox 761 378 981 462; x_wconf 90' lang='lat' dir='ltr'><strong>continentur,</strong></span> <span class='ocrx_word' id='word_1_9' title='bbox 1014 379 1049 444; x_wconf 92' lang='lat' dir='ltr'><strong>in</strong></span> <span class='ocrx_word' id='word_1_10' title='bbox 1075 381 1224 446; x_wconf 84' lang='lat' dir='ltr'><strong>fortunas</strong></span> <span class='ocrx_word' id='word_1_11' title='bbox 1252 382 1370 467; x_wconf 89' lang='lat' dir='ltr'><strong>optimi</strong></span> 
     </span>
     <span class='ocr_line' id='line_1_3' title="bbox 152 467 1370 552; baseline 0.003 -20"><span class='ocrx_word' id='word_1_12' title='bbox 152 486 179 525; x_wconf 76' lang='lat'><strong>48</strong></span> <span class='ocrx_word' id='word_1_13' title='bbox 194 468 347 552; x_wconf 87' lang='lat' dir='ltr'><strong>cuiusque</strong></span> <span class='ocrx_word' id='word_1_14' title='bbox 370 471 583 552; x_wconf 78' lang='lat' dir='ltr'>erumperent.</span> <span class='ocrx_word' id='word_1_15' title='bbox 628 467 842 532; x_wconf 90' lang='lat' dir='ltr'><strong>haecomnia</strong></span> <span class='ocrx_word' id='word_1_16' title='bbox 868 467 930 532; x_wconf 88' lang='lat' dir='ltr'><strong>tibi</strong></span> <span class='ocrx_word' id='word_1_17' title='bbox 957 469 1131 533; x_wconf 91' lang='lat' dir='ltr'><strong>accusandi</strong></span> <span class='ocrx_word' id='word_1_18' title='bbox 1153 470 1240 534; x_wconf 83' lang='lat' dir='ltr'><strong>viam</strong></span> <span class='ocrx_word' id='word_1_19' title='bbox 1265 472 1370 536; x_wconf 88' lang='lat' dir='ltr'><strong>muni·</strong></span> 
     </span>
     <span class='ocr_line' id='line_1_4' title="bbox 194 556 780 640; baseline -0.007 -18"><span class='ocrx_word' id='word_1_20' title='bbox 194 558 301 640; x_wconf 87' lang='lat' dir='ltr'><strong>ebant,</strong></span> <span class='ocrx_word' id='word_1_21' title='bbox 319 556 518 640; x_wconf 90' lang='lat' dir='ltr'><strong>adipiscendi</strong></span> <span class='ocrx_word' id='word_1_22' title='bbox 536 556 780 640; x_wconf 89' lang='lat' dir='ltr'><strong>obsaepiebant.</strong></span> 
     </span>
    </p>

    <p class='ocr_par' dir='ltr' id='par_1_3' title="bbox 190 644 1370 1351">
     <span class='ocr_line' id='line_1_5' title="bbox 281 644 1370 732; baseline 0.003 -23"><span class='ocrx_word' id='word_1_23' title='bbox 281 645 389 728; x_wconf 83' lang='lat' dir='ltr'><strong>Atque</strong></span> <span class='ocrx_word' id='word_1_24' title='bbox 417 667 456 709; x_wconf 89' lang='lat' dir='ltr'><strong>ex</strong></span> <span class='ocrx_word' id='word_1_25' title='bbox 483 645 634 711; x_wconf 91' lang='lat' dir='ltr'><strong>omnibus</strong></span> <span class='ocrx_word' id='word_1_26' title='bbox 667 644 726 708; x_wconf 91' lang='lat' dir='ltr'><strong>illa</strong></span> <span class='ocrx_word' id='word_1_27' title='bbox 752 645 852 728; x_wconf 84' lang='lat' dir='ltr'><strong>plaga</strong></span> <span class='ocrx_word' id='word_1_28' title='bbox 883 647 934 708; x_wconf 87' lang='lat' dir='ltr'><strong>est</strong></span> <span class='ocrx_word' id='word_1_29' title='bbox 960 645 1075 710; x_wconf 83' lang='lat' dir='ltr'><strong>iniecta</strong></span> <span class='ocrx_word' id='word_1_30' title='bbox 1104 647 1257 730; x_wconf 90' lang='lat' dir='ltr'><strong>petitioni</strong></span> <span class='ocrx_word' id='word_1_31' title='bbox 1284 650 1370 732; x_wconf 86' lang='lat' dir='ltr'><strong>tuae,</strong></span> 
     </span>
     <span class='ocr_line' id='line_1_6' title="bbox 192 732 1370 818; baseline 0.004 -22"><span class='ocrx_word' id='word_1_32' title='bbox 192 755 258 800; x_wconf 93' lang='lat' dir='ltr'><strong>non</strong></span> <span class='ocrx_word' id='word_1_33' title='bbox 279 738 408 798; x_wconf 84' lang='lat' dir='ltr'><strong>tacente</strong></span> <span class='ocrx_word' id='word_1_34' title='bbox 431 755 492 817; x_wconf 86' lang='lat' dir='ltr'><strong>me,</strong></span> <span class='ocrx_word' id='word_1_35' title='bbox 515 734 672 815; x_wconf 83' lang='lat' dir='ltr'><strong>maxima3</strong></span> <span class='ocrx_word' id='word_1_36' title='bbox 695 733 734 796; x_wconf 91' lang='lat' dir='ltr'><strong>de</strong></span> <span class='ocrx_word' id='word_1_37' title='bbox 758 753 823 816; x_wconf 88' lang='lat' dir='ltr'><strong>qua</strong></span> <span class='ocrx_word' id='word_1_38' title='bbox 846 733 888 796; x_wconf 90' lang='lat' dir='ltr'><strong>ab</strong></span> <span class='ocrx_word' id='word_1_39' title='bbox 906 732 1037 798; x_wconf 91' lang='lat' dir='ltr'><strong>homine</strong></span> <span class='ocrx_word' id='word_1_40' title='bbox 1051 735 1316 818; x_wconf 83' lang='lat' dir='ltr'><strong>ingeniosissimo</strong></span> <span class='ocrx_word' id='word_1_41' title='bbox 1336 740 1370 801; x_wconf 87' lang='lat' dir='ltr'><strong>et</strong></span> 
     </span>
     <span class='ocr_line' id='line_1_7' title="bbox 192 821 1368 908; baseline 0.003 -22"><span class='ocrx_word' id='word_1_42' title='bbox 192 822 426 905; x_wconf 87' lang='lat' dir='ltr'><strong>copiosissimo,</strong></span> <span class='ocrx_word' id='word_1_43' title='bbox 449 821 509 896; x_wconf 79' lang='lat' dir='ltr'><strong>Qu.</strong></span> <span class='ocrx_word' id='word_1_44' title='bbox 527 821 715 903; x_wconf 86' lang='lat' dir='ltr'><strong>Hortensio,</strong></span> <span class='ocrx_word' id='word_1_45' title='bbox 738 821 842 885; x_wconf 89' lang='lat' dir='ltr'><strong>multa</strong></span> <span class='ocrx_word' id='word_1_46' title='bbox 865 821 1059 905; x_wconf 82' lang='lat' dir='ltr'><strong>gravissima</strong></span> <span class='ocrx_word' id='word_1_47' title='bbox 1077 823 1163 888; x_wconf 86' lang='lat' dir='ltr'><strong>dicta</strong></span> <span class='ocrx_word' id='word_1_48' title='bbox 1182 827 1267 889; x_wconf 91' lang='lat' dir='ltr'><strong>sunt.</strong></span> <span class='ocrx_word' id='word_1_49' title='bbox 1304 847 1368 908; x_wconf 92' lang='lat' dir='ltr'><strong>quo</strong></span> 
     </span>
     <span class='ocr_line' id='line_1_8' title="bbox 192 909 1369 994; baseline 0.003 -19"><span class='ocrx_word' id='word_1_50' title='bbox 192 912 292 975; x_wconf 89' lang='lat' dir='ltr'><strong>etiam</strong></span> <span class='ocrx_word' id='word_1_51' title='bbox 319 911 401 974; x_wconf 91' lang='lat' dir='ltr'><strong>mihi</strong></span> <span class='ocrx_word' id='word_1_52' title='bbox 428 910 539 974; x_wconf 89' lang='lat' dir='ltr'><strong>durior</strong></span> <span class='ocrx_word' id='word_1_53' title='bbox 565 911 655 975; x_wconf 90' lang='lat' dir='ltr'><strong>locus</strong></span> <span class='ocrx_word' id='word_1_54' title='bbox 679 912 730 973; x_wconf 88' lang='lat' dir='ltr'><strong>est</strong></span> <span class='ocrx_word' id='word_1_55' title='bbox 754 909 883 974; x_wconf 88' lang='lat' dir='ltr'><strong>dicendi</strong></span> <span class='ocrx_word' id='word_1_56' title='bbox 906 909 1014 993; x_wconf 91' lang='lat' dir='ltr'><strong>datus,</strong></span> <span class='ocrx_word' id='word_1_57' title='bbox 1043 915 1093 994; x_wconf 86' lang='lat' dir='ltr'><strong>ut,</strong></span> <span class='ocrx_word' id='word_1_58' title='bbox 1122 933 1196 976; x_wconf 88' lang='lat' dir='ltr'><strong>cum</strong></span> <span class='ocrx_word' id='word_1_59' title='bbox 1220 915 1294 976; x_wconf 89' lang='lat' dir='ltr'><strong>ante</strong></span> <span class='ocrx_word' id='word_1_60' title='bbox 1317 935 1369 978; x_wconf 93' lang='lat' dir='ltr'><strong>me</strong></span> 
     </span>
     <span class='ocr_line' id='line_1_9' title="bbox 191 998 1369 1084; baseline 0.003 -21"><span class='ocrx_word' id='word_1_61' title='bbox 191 1004 225 1063; x_wconf 89' lang='lat' dir='ltr'><strong>et</strong></span> <span class='ocrx_word' id='word_1_62' title='bbox 242 1000 297 1063; x_wconf 91' lang='lat' dir='ltr'><strong>ille</strong></span> <span class='ocrx_word' id='word_1_63' title='bbox 316 999 452 1064; x_wconf 77' lang='lat' dir='ltr'><strong>dixisset</strong></span> <span class='ocrx_word' id='word_1_64' title='bbox 474 1003 508 1063; x_wconf 91' lang='lat' dir='ltr'><strong>et</strong></span> <span class='ocrx_word' id='word_1_65' title='bbox 525 999 575 1062; x_wconf 85' lang='lat' dir='ltr'><strong>vir</strong></span> <span class='ocrx_word' id='word_1_66' title='bbox 594 1020 722 1063; x_wconf 88' lang='lat' dir='ltr'><strong>summa</strong></span> <span class='ocrx_word' id='word_1_67' title='bbox 741 998 902 1083; x_wconf 76' lang='lat' dir='ltr'><strong>dignitate</strong></span> <span class='ocrx_word' id='word_1_68' title='bbox 921 1003 954 1062; x_wconf 88' lang='lat' dir='ltr'><strong>et</strong></span> <span class='ocrx_word' id='word_1_69' title='bbox 972 999 1143 1084; x_wconf 85' lang='lat' dir='ltr'><strong>diligentia</strong></span> <span class='ocrx_word' id='word_1_70' title='bbox 1161 1005 1195 1065; x_wconf 90' lang='lat' dir='ltr'><strong>et</strong></span> <span class='ocrx_word' id='word_1_71' title='bbox 1211 1001 1369 1066; x_wconf 72' lang='lat' dir='ltr'>facultate</span> 
     </span>
     <span class='ocr_line' id='line_1_10' title="bbox 190 1085 1368 1175; baseline 0.002 -23"><span class='ocrx_word' id='word_1_72' title='bbox 190 1088 334 1171; x_wconf 86' lang='lat' dir='ltr'><strong>dicendi,</strong></span> <span class='ocrx_word' id='word_1_73' title='bbox 366 1087 409 1152; x_wconf 82' lang='lat' dir='ltr'><strong>M.</strong></span> <span class='ocrx_word' id='word_1_74' title='bbox 436 1085 590 1170; x_wconf 77' lang='lat' dir='ltr'><strong>Crassus,</strong></span> <span class='ocrx_word' id='word_1_75' title='bbox 622 1107 683 1172; x_wconf 85' lang='lat' dir='ltr'><strong>ego</strong></span> <span class='ocrx_word' id='word_1_76' title='bbox 715 1087 751 1150; x_wconf 93' lang='lat' dir='ltr'><strong>in</strong></span> <span class='ocrx_word' id='word_1_77' title='bbox 775 1090 926 1150; x_wconf 85' lang='lat' dir='ltr'><strong>&#39;extremo</strong></span> <span class='ocrx_word' id='word_1_78' title='bbox 960 1107 1028 1151; x_wconf 93' lang='lat' dir='ltr'><strong>non</strong></span> <span class='ocrx_word' id='word_1_79' title='bbox 1060 1093 1188 1172; x_wconf 87' lang='lat' dir='ltr'><strong>partem</strong></span> <span class='ocrx_word' id='word_1_80' title='bbox 1225 1090 1368 1175; x_wconf 89' lang='lat' dir='ltr'><strong>aliquam</strong></span> 
     </span>
     <span class='ocr_line' id='line_1_11' title="bbox 191 1175 1366 1263; baseline 0.003 -23"><span class='ocrx_word' id='word_1_81' title='bbox 191 1196 322 1260; x_wconf 83' lang='lat' dir='ltr'><strong>agerem</strong></span> <span class='ocrx_word' id='word_1_82' title='bbox 344 1197 475 1260; x_wconf 89' lang='lat' dir='ltr'><strong>causae,</strong></span> <span class='ocrx_word' id='word_1_83' title='bbox 503 1175 559 1240; x_wconf 92' lang='lat' dir='ltr'><strong>sed</strong></span> <span class='ocrx_word' id='word_1_84' title='bbox 582 1176 622 1240; x_wconf 90' lang='lat' dir='ltr'><strong>de</strong></span> <span class='ocrx_word' id='word_1_85' title='bbox 644 1179 717 1240; x_wconf 88' lang='lat' dir='ltr'><strong>tota</strong></span> <span class='ocrx_word' id='word_1_86' title='bbox 738 1197 773 1238; x_wconf 91' lang='lat' dir='ltr'><strong>re</strong></span> <span class='ocrx_word' id='word_1_87' title='bbox 796 1175 949 1259; x_wconf 92' lang='lat' dir='ltr'><strong>dicerem,</strong></span> <span class='ocrx_word' id='word_1_88' title='bbox 977 1176 1062 1259; x_wconf 92' lang='lat' dir='ltr'><strong>quod</strong></span> <span class='ocrx_word' id='word_1_89' title='bbox 1086 1177 1168 1241; x_wconf 92' lang='lat' dir='ltr'><strong>mihi</strong></span> <span class='ocrx_word' id='word_1_90' title='bbox 1191 1179 1366 1263; x_wconf 84' lang='lat' dir='ltr'><strong>videretur3</strong></span> 
     </span>
     <span class='ocr_line' id='line_1_12' title="bbox 192 1264 1370 1351; baseline 0.004 -24"><span class='ocrx_word' id='word_1_91' title='bbox 192 1264 303 1349; x_wconf 80' lang='lat' dir='ltr'><strong>itaque</strong></span> <span class='ocrx_word' id='word_1_92' title='bbox 326 1264 360 1329; x_wconf 91' lang='lat' dir='ltr'><strong>in</strong></span> <span class='ocrx_word' id='word_1_93' title='bbox 383 1265 505 1330; x_wconf 90' lang='lat' dir='ltr'><strong>eisdem</strong></span> <span class='ocrx_word' id='word_1_94' title='bbox 523 1265 621 1329; x_wconf 90' lang='lat' dir='ltr'><strong>rebus</strong></span> <span class='ocrx_word' id='word_1_95' title='bbox 643 1264 713 1328; x_wconf 88' lang='lat' dir='ltr'><strong>fere</strong></span> <span class='ocrx_word' id='word_1_96' title='bbox 735 1285 855 1347; x_wconf 79' lang='lat' dir='ltr'><strong>versor,</strong></span> <span class='ocrx_word' id='word_1_97' title='bbox 878 1268 920 1347; x_wconf 93' lang='lat' dir='ltr'><strong>et,</strong></span> <span class='ocrx_word' id='word_1_98' title='bbox 944 1265 1050 1348; x_wconf 87' lang='lat' dir='ltr'><strong>quoad</strong></span> <span class='ocrx_word' id='word_1_99' title='bbox 1072 1286 1216 1351; x_wconf 90' lang='lat' dir='ltr'><strong>possum,</strong></span> <span class='ocrx_word' id='word_1_100' title='bbox 1239 1267 1370 1351; x_wconf 86' lang='lat' dir='ltr'><strong>iudices,</strong></span> 
     </span>
    </p>

    <p class='ocr_par' dir='ltr' id='par_1_4' title="bbox 146 1351 1370 1706">
     <span class='ocr_line' id='line_1_13' title="bbox 146 1351 1369 1436; baseline 0.003 -19"><span class='ocrx_word' id='word_1_101' title='bbox 146 1355 185 1411; x_wconf 77' lang='grc'><strong>24</strong></span> <span class='ocrx_word' id='word_1_102' title='bbox 195 1374 327 1418; x_wconf 90' lang='lat' dir='ltr'><strong>occurro</strong></span> <span class='ocrx_word' id='word_1_103' title='bbox 351 1358 479 1418; x_wconf 87' lang='lat' dir='ltr'><strong>vestrae</strong></span> <span class='ocrx_word' id='word_1_104' title='bbox 502 1353 655 1418; x_wconf 74' lang='lat' dir='ltr'><strong>satietati.</strong></span> <span class='ocrx_word' id='word_1_105' title='bbox 701 1352 756 1416; x_wconf 93' lang='lat' dir='ltr'><strong>sed</strong></span> <span class='ocrx_word' id='word_1_106' title='bbox 779 1355 903 1435; x_wconf 88' lang='lat' dir='ltr'><strong>tamen,</strong></span> <span class='ocrx_word' id='word_1_107' title='bbox 931 1351 1031 1436; x_wconf 83' lang='lat' dir='ltr'><strong>Servi,</strong></span> <span class='ocrx_word' id='word_1_108' title='bbox 1055 1375 1153 1436; x_wconf 90' lang='lat' dir='ltr'><strong>quam</strong></span> <span class='ocrx_word' id='word_1_109' title='bbox 1175 1359 1208 1419; x_wconf 84' lang='lat' dir='ltr'><strong>te</strong></span> <span class='ocrx_word' id='word_1_110' title='bbox 1232 1356 1369 1421; x_wconf 91' lang='lat' dir='ltr'><strong>securim</strong></span> 
     </span>
     <span class='ocr_line' id='line_1_14' title="bbox 193 1440 1370 1525; baseline 0.003 -20"><span class='ocrx_word' id='word_1_111' title='bbox 193 1445 289 1525; x_wconf 89' lang='lat' dir='ltr'><strong>putas</strong></span> <span class='ocrx_word' id='word_1_112' title='bbox 312 1442 461 1507; x_wconf 90' lang='lat' dir='ltr'><strong>iniecisse</strong></span> <span class='ocrx_word' id='word_1_113' title='bbox 480 1440 635 1525; x_wconf 87' lang='lat' dir='ltr'><strong>petitioni</strong></span> <span class='ocrx_word' id='word_1_114' title='bbox 652 1445 736 1522; x_wconf 88' lang='lat' dir='ltr'><strong>tuae,</strong></span> <span class='ocrx_word' id='word_1_115' title='bbox 760 1461 833 1504; x_wconf 91' lang='lat' dir='ltr'><strong>cum</strong></span> <span class='ocrx_word' id='word_1_116' title='bbox 850 1441 1009 1524; x_wconf 91' lang='lat' dir='ltr'><strong>populum</strong></span> <span class='ocrx_word' id='word_1_117' title='bbox 1028 1441 1213 1507; x_wconf 89' lang='lat' dir='ltr'><strong>Romanum</strong></span> <span class='ocrx_word' id='word_1_118' title='bbox 1237 1444 1272 1509; x_wconf 94' lang='lat' dir='ltr'><strong>in</strong></span> <span class='ocrx_word' id='word_1_119' title='bbox 1296 1465 1370 1510; x_wconf 89' lang='lat' dir='ltr'><strong>eum</strong></span> 
     </span>
     <span class='ocr_line' id='line_1_15' title="bbox 192 1528 1370 1616; baseline 0.002 -22"><span class='ocrx_word' id='word_1_120' title='bbox 192 1535 315 1595; x_wconf 91' lang='lat' dir='ltr'><strong>metum</strong></span> <span class='ocrx_word' id='word_1_121' title='bbox 343 1531 518 1614; x_wconf 81' lang='lat' dir='ltr'><strong>adduxisti,</strong></span> <span class='ocrx_word' id='word_1_122' title='bbox 547 1533 584 1594; x_wconf 88' lang='lat' dir='ltr'><strong>ut</strong></span> <span class='ocrx_word' id='word_1_123' title='bbox 610 1529 852 1614; x_wconf 84' lang='lat' dir='ltr'><strong>pertimesceret</strong></span> <span class='ocrx_word' id='word_1_124' title='bbox 884 1551 926 1594; x_wconf 93' lang='lat' dir='ltr'><strong>ne</strong></span> <span class='ocrx_word' id='word_1_125' title='bbox 954 1531 1067 1594; x_wconf 90' lang='lat' dir='ltr'><strong>consul</strong></span> <span class='ocrx_word' id='word_1_126' title='bbox 1096 1528 1241 1596; x_wconf 76' lang='lat' dir='ltr'><strong>Catilina</strong></span> <span class='ocrx_word' id='word_1_127' title='bbox 1268 1533 1370 1616; x_wconf 89' lang='lat' dir='ltr'><strong>fieret,</strong></span> 
     </span>
     <span class='ocr_line' id='line_1_16' title="bbox 192 1617 1369 1706; baseline 0.003 -24"><span class='ocrx_word' id='word_1_128' title='bbox 192 1618 268 1683; x_wconf 90' lang='lat' dir='ltr'><strong>dum</strong></span> <span class='ocrx_word' id='word_1_129' title='bbox 291 1623 328 1683; x_wconf 93' lang='lat' dir='ltr'><strong>tu</strong></span> <span class='ocrx_word' id='word_1_130' title='bbox 352 1619 593 1684; x_wconf 84' lang='lat' dir='ltr'><strong>accusationem</strong></span> <span class='ocrx_word' id='word_1_131' title='bbox 616 1639 820 1701; x_wconf 86' lang='lat' dir='ltr'><strong>comparares</strong></span> <span class='ocrx_word' id='word_1_132' title='bbox 843 1617 992 1702; x_wconf 87' lang='lat' dir='ltr'><strong>deposita</strong></span> <span class='ocrx_word' id='word_1_133' title='bbox 1015 1622 1111 1702; x_wconf 73' lang='lat' dir='ltr'><strong>atque</strong></span> <span class='ocrx_word' id='word_1_134' title='bbox 1134 1621 1263 1686; x_wconf 89' lang='lat' dir='ltr'><strong>abiecta</strong></span> <span class='ocrx_word' id='word_1_135' title='bbox 1286 1622 1369 1706; x_wconf 88' lang='lat' dir='ltr'><strong>peti-</strong></span> 
     </span>
    </p>

    <p class='ocr_par' dir='ltr' id='par_1_5' title="bbox 151 1706 1369 2062">
     <span class='ocr_line' id='line_1_17' title="bbox 151 1706 1368 1792; baseline 0.004 -22"><span class='ocrx_word' id='word_1_136' title='bbox 151 1722 178 1761; x_wconf 76' lang='grc'><strong>49</strong></span> <span class='ocrx_word' id='word_1_137' title='bbox 193 1706 303 1772; x_wconf 82' lang='lat' dir='ltr'><strong>tione?</strong></span> <span class='ocrx_word' id='word_1_138' title='bbox 350 1708 470 1772; x_wconf 90' lang='lat' dir='ltr'><strong>etenim</strong></span> <span class='ocrx_word' id='word_1_139' title='bbox 498 1710 531 1770; x_wconf 91' lang='lat' dir='ltr'><strong>te</strong></span> <span class='ocrx_word' id='word_1_140' title='bbox 554 1707 716 1790; x_wconf 88' lang='lat' dir='ltr'><strong>inquirere</strong></span> <span class='ocrx_word' id='word_1_141' title='bbox 738 1706 905 1790; x_wconf 86' lang='lat' dir='ltr'><strong>videbant,</strong></span> <span class='ocrx_word' id='word_1_142' title='bbox 934 1706 1063 1771; x_wconf 89' lang='lat' dir='ltr'><strong>tristem</strong></span> <span class='ocrx_word' id='word_1_143' title='bbox 1086 1709 1203 1792; x_wconf 88' lang='lat' dir='ltr'><strong>ipsum,</strong></span> <span class='ocrx_word' id='word_1_144' title='bbox 1226 1713 1368 1775; x_wconf 84' lang='lat' dir='ltr'><strong>maestos</strong></span> 
     </span>
     <span class='ocr_line' id='line_1_18' title="bbox 191 1795 1369 1886; baseline 0.003 -27"><span class='ocrx_word' id='word_1_145' title='bbox 191 1795 327 1878; x_wconf 72' lang='lat' dir='ltr'><strong>amicos,</strong></span> <span class='ocrx_word' id='word_1_146' title='bbox 356 1796 611 1886; x_wconf 67' lang='lat' dir='ltr'><strong>obseruationes,</strong></span> <span class='ocrx_word' id='word_1_147' title='bbox 638 1795 897 1878; x_wconf 86' lang='lat' dir='ltr'><strong>testificationes,</strong></span> <span class='ocrx_word' id='word_1_148' title='bbox 923 1795 1128 1860; x_wconf 86' lang='lat' dir='ltr'><strong>seductiones</strong></span> <span class='ocrx_word' id='word_1_149' title='bbox 1152 1798 1298 1881; x_wconf 86' lang='lat' dir='ltr'><strong>testium,</strong></span> <span class='ocrx_word' id='word_1_150' title='bbox 1322 1820 1369 1863; x_wconf 91' lang='lat' dir='ltr'><strong>se·</strong></span> 
     </span>
     <span class='ocr_line' id='line_1_19' title="bbox 190 1883 1369 1969; baseline 0.003 -22"><span class='ocrx_word' id='word_1_151' title='bbox 190 1883 353 1950; x_wconf 90' lang='lat' dir='ltr'><strong>cessiones</strong></span> <span class='ocrx_word' id='word_1_152' title='bbox 377 1885 633 1967; x_wconf 88' lang='lat' dir='ltr'><strong>subscriptorum</strong></span> <span class='ocrx_word' id='word_1_153' title='bbox 657 1883 972 1967; x_wconf 84' lang='lat' dir='ltr'><strong>animadvertebant,</strong></span> <span class='ocrx_word' id='word_1_154' title='bbox 1001 1884 1118 1969; x_wconf 90' lang='lat' dir='ltr'><strong>quibus</strong></span> <span class='ocrx_word' id='word_1_155' title='bbox 1141 1886 1239 1950; x_wconf 89' lang='lat' dir='ltr'><strong>rebus</strong></span> <span class='ocrx_word' id='word_1_156' title='bbox 1263 1890 1369 1952; x_wconf 86' lang='lat' dir='ltr'><strong>cretae</strong></span> 
     </span>
     <span class='ocr_line' id='line_1_20' title="bbox 190 1971 1369 2062; baseline 0.003 -26"><span class='ocrx_word' id='word_1_157' title='bbox 190 1973 281 2056; x_wconf 88' lang='lat' dir='ltr'><strong>ipsae</strong></span> <span class='ocrx_word' id='word_1_158' title='bbox 301 1973 546 2038; x_wconf 88' lang='lat' dir='ltr'><strong>candidatorum</strong></span> <span class='ocrx_word' id='word_1_159' title='bbox 566 1971 768 2038; x_wconf 86' lang='lat' dir='ltr'><strong>obscuriores</strong></span> <span class='ocrx_word' id='word_1_160' title='bbox 786 1971 888 2036; x_wconf 82' lang='lat' dir='ltr'><strong>videri</strong></span> <span class='ocrx_word' id='word_1_161' title='bbox 908 1973 1027 2037; x_wconf 90' lang='lat' dir='ltr'><strong>solent:</strong></span> <span class='ocrx_word' id='word_1_162' title='bbox 1049 1971 1226 2062; x_wconf 83' lang='lat' dir='ltr'><strong>Catilinam</strong></span> <span class='ocrx_word' id='word_1_163' title='bbox 1244 1975 1369 2040; x_wconf 85' lang='lat' dir='ltr'><strong>interea</strong></span> 
     </span>
    </p>
   </div>
   <div class='ocr_carea' id='block_1_3' title="bbox 90 2179 1418 4454">
    <p class='ocr_par' dir='ltr' id='par_1_6' title="bbox 90 2179 1418 4454">
     <span class='ocr_line' id='line_1_21' title="bbox 190 2179 1369 2254; baseline 0.003 -19"><span class='ocrx_word' id='word_1_164' title='bbox 190 2181 280 2235; x_wconf 92' lang='lat' dir='ltr'><strong>denen</strong></span> <span class='ocrx_word' id='word_1_165' title='bbox 295 2180 345 2236; x_wconf 88' lang='lat' dir='ltr'><strong>der</strong></span> <span class='ocrx_word' id='word_1_166' title='bbox 357 2181 536 2252; x_wconf 79' lang='lat' dir='ltr'><strong>Angelrlagte</strong></span> <span class='ocrx_word' id='word_1_167' title='bbox 550 2181 612 2236; x_wconf 89' lang='lat' dir='ltr'><strong>eine</strong></span> <span class='ocrx_word' id='word_1_168' title='bbox 626 2179 752 2250; x_wconf 58' lang='lat' dir='ltr'><strong>mersere</strong></span> <span class='ocrx_word' id='word_1_169' title='bbox 805 2182 857 2235; x_wconf 85' lang='lat' dir='ltr'><strong>hat</strong></span> <span class='ocrx_word' id='word_1_170' title='bbox 871 2180 995 2238; x_wconf 91' lang='lat' dir='ltr'><strong>dieselbe</strong></span> <span class='ocrx_word' id='word_1_171' title='bbox 1004 2180 1174 2254; x_wconf 80' lang='lat' dir='ltr'><strong>Bedeutung</strong></span> <span class='ocrx_word' id='word_1_172' title='bbox 1183 2183 1235 2238; x_wconf 89' lang='lat' dir='ltr'><strong>wie</strong></span> <span class='ocrx_word' id='word_1_173' title='bbox 1246 2182 1292 2238; x_wconf 90' lang='lat' dir='ltr'><strong>dic</strong></span> <span class='ocrx_word' id='word_1_174' title='bbox 1306 2202 1369 2240; x_wconf 85' lang='lat' dir='ltr'><strong>vor·</strong></span> 
     </span>
     <span class='ocr_line' id='line_1_22' title="bbox 189 2250 1368 2326; baseline 0.003 -20"><span class='ocrx_word' id='word_1_175' title='bbox 189 2251 297 2306; x_wconf 78' lang='lat' dir='ltr'><strong>Aurelss</strong></span> <span class='ocrx_word' id='word_1_176' title='bbox 321 2253 474 2308; x_wconf 86' lang='lat' dir='ltr'><strong>verwerfen</strong></span> <span class='ocrx_word' id='word_1_177' title='bbox 499 2253 617 2319; x_wconf 84' lang='lat' dir='ltr'><strong>konnte,</strong></span> <span class='ocrx_word' id='word_1_178' title='bbox 641 2253 681 2306; x_wconf 89' lang='lat' dir='ltr'><strong>im</strong></span> <span class='ocrx_word' id='word_1_179' title='bbox 700 2250 751 2306; x_wconf 86' lang='lat' dir='ltr'><strong>Ge·</strong></span> <span class='ocrx_word' id='word_1_180' title='bbox 805 2252 983 2322; x_wconf 82' lang='lat' dir='ltr'><strong>hergehsnde</strong></span> <span class='ocrx_word' id='word_1_181' title='bbox 1012 2255 1127 2323; x_wconf 77' lang='lat' dir='ltr'><strong>plepem</strong></span> <span class='ocrx_word' id='word_1_182' title='bbox 1158 2255 1273 2321; x_wconf 68' lang='lat' dir='ltr'><strong>isicem</strong></span> <span class='ocrx_word' id='word_1_183' title='bbox 1310 2255 1368 2326; x_wconf 85' lang='lat' dir='ltr'><strong>vgl.</strong></span> 
     </span>
     <span class='ocr_line' id='line_1_23' title="bbox 189 2321 1370 2397; baseline 0.002 -19"><span class='ocrx_word' id='word_1_184' title='bbox 189 2325 305 2394; x_wconf 80' lang='lat' dir='ltr'><strong>gensatz</strong></span> <span class='ocrx_word' id='word_1_185' title='bbox 321 2339 413 2394; x_wconf 80' lang='lat' dir='ltr'><strong>gegen</strong></span> <span class='ocrx_word' id='word_1_186' title='bbox 427 2323 473 2378; x_wconf 88' lang='lat' dir='ltr'><strong>die</strong></span> <span class='ocrx_word' id='word_1_187' title='bbox 488 2323 677 2393; x_wconf 79' lang='lat' dir='ltr'><strong>ausgelosten,</strong></span> <span class='ocrx_word' id='word_1_188' title='bbox 696 2339 752 2378; x_wconf 83' lang='lat' dir='ltr'><strong>von</strong></span> <span class='ocrx_word' id='word_1_189' title='bbox 805 2321 901 2377; x_wconf 87' lang='lat' dir='ltr'><strong>Plano.</strong></span> <span class='ocrx_word' id='word_1_190' title='bbox 921 2328 937 2389; x_wconf 66' lang='grc' dir='ltr'><strong>ς</strong></span> <span class='ocrx_word' id='word_1_191' title='bbox 956 2330 990 2378; x_wconf 72' lang='lat'><strong>70</strong></span> <span class='ocrx_word' id='word_1_192' title='bbox 1015 2341 1100 2393; x_wconf 88' lang='lat' dir='ltr'><strong>quam</strong></span> <span class='ocrx_word' id='word_1_193' title='bbox 1117 2324 1162 2380; x_wconf 90' lang='lat' dir='ltr'><strong>illi</strong></span> <span class='ocrx_word' id='word_1_194' title='bbox 1180 2324 1287 2382; x_wconf 89' lang='lat' dir='ltr'><strong>iudices</strong></span> <span class='ocrx_word' id='word_1_195' title='bbox 1306 2343 1370 2397; x_wconf 79' lang='lat' dir='ltr'><strong>gra·</strong></span> 
     </span>
     <span class='ocr_line' id='line_1_24' title="bbox 189 2393 1367 2468; baseline 0.003 -20"><span class='ocrx_word' id='word_1_196' title='bbox 189 2395 281 2449; x_wconf 89' lang='lat' dir='ltr'><strong>denen</strong></span> <span class='ocrx_word' id='word_1_197' title='bbox 311 2395 414 2450; x_wconf 82' lang='lat' dir='ltr'><strong>beiden</strong></span> <span class='ocrx_word' id='word_1_198' title='bbox 445 2395 577 2449; x_wconf 87' lang='lat' dir='ltr'><strong>Parteien</strong></span> <span class='ocrx_word' id='word_1_199' title='bbox 610 2393 683 2449; x_wconf 87' lang='lat' dir='ltr'><strong>eine·</strong></span> <span class='ocrx_word' id='word_1_200' title='bbox 704 2409 751 2464; x_wconf 83' lang='lat' dir='ltr'><strong>ge·</strong></span> <span class='ocrx_word' id='word_1_201' title='bbox 805 2393 913 2448; x_wconf 83' lang='lat' dir='ltr'><strong>viorem</strong></span> <span class='ocrx_word' id='word_1_202' title='bbox 936 2396 1087 2464; x_wconf 85' lang='lat' dir='ltr'><strong>potuerunt</strong></span> <span class='ocrx_word' id='word_1_203' title='bbox 1111 2397 1153 2450; x_wconf 83' lang='lat' dir='ltr'><strong>rei</strong></span> <span class='ocrx_word' id='word_1_204' title='bbox 1177 2395 1308 2468; x_wconf 88' lang='lat' dir='ltr'><strong>publicae</strong></span> <span class='ocrx_word' id='word_1_205' title='bbox 1326 2397 1367 2452; x_wconf 90' lang='lat' dir='ltr'><strong>in-</strong></span> 
     </span>
     <span class='ocr_line' id='line_1_25' title="bbox 189 2463 1368 2536; baseline 0.004 -17"><span class='ocrx_word' id='word_1_206' title='bbox 189 2463 300 2536; x_wconf 80' lang='lat' dir='ltr'><strong>ringere</strong></span> <span class='ocrx_word' id='word_1_207' title='bbox 323 2465 432 2519; x_wconf 85' lang='lat' dir='ltr'><strong>Anaahl</strong></span> <span class='ocrx_word' id='word_1_208' title='bbox 459 2483 493 2520; x_wconf 84' lang='lat' dir='ltr'><strong>zu</strong></span> <span class='ocrx_word' id='word_1_209' title='bbox 518 2465 672 2521; x_wconf 84' lang='lat' dir='ltr'><strong>vcrwerfen</strong></span> <span class='ocrx_word' id='word_1_210' title='bbox 698 2463 752 2518; x_wconf 79' lang='lat' dir='ltr'><strong>frci</strong></span> <span class='ocrx_word' id='word_1_211' title='bbox 806 2465 904 2535; x_wconf 84' lang='lat' dir='ltr'><strong>fligere</strong></span> <span class='ocrx_word' id='word_1_212' title='bbox 925 2466 1044 2520; x_wconf 87' lang='lat' dir='ltr'><strong>securim</strong></span> <span class='ocrx_word' id='word_1_213' title='bbox 1063 2483 1149 2536; x_wconf 88' lang='lat' dir='ltr'><strong>quam</strong></span> <span class='ocrx_word' id='word_1_214' title='bbox 1168 2484 1233 2523; x_wconf 92' lang='lat' dir='ltr'><strong>cum</strong></span> <span class='ocrx_word' id='word_1_215' title='bbox 1250 2467 1368 2524; x_wconf 90' lang='lat' dir='ltr'><strong>illume</strong></span> 
     </span>
     <span class='ocr_line' id='line_1_26' title="bbox 189 2534 1090 2594; baseline 0.003 -4"><span class='ocrx_word' id='word_1_216' title='bbox 189 2537 277 2593; x_wconf 88' lang='lat' dir='ltr'><strong>stand.</strong></span> <span class='ocrx_word' id='word_1_217' title='bbox 293 2567 327 2577; x_wconf 90' lang='lat'><em>-</em></span> <span class='ocrx_word' id='word_1_218' title='bbox 341 2542 374 2590; x_wconf 81' lang='lat' dir='ltr'><strong>ut</strong></span> <span class='ocrx_word' id='word_1_219' title='bbox 391 2536 457 2592; x_wconf 83' lang='lat' dir='ltr'><strong>odia</strong></span> <span class='ocrx_word' id='word_1_220' title='bbox 475 2554 502 2590; x_wconf 91' lang='lat' dir='ltr'><strong>u.</strong></span> <span class='ocrx_word' id='word_1_221' title='bbox 518 2554 539 2592; x_wconf 89' lang='lat' dir='ltr'><strong>s.</strong></span> <span class='ocrx_word' id='word_1_222' title='bbox 554 2554 588 2591; x_wconf 93' lang='lat' dir='ltr'><strong>w.</strong></span> <span class='ocrx_word' id='word_1_223' title='bbox 602 2535 631 2589; x_wconf 93' lang='lat' dir='ltr'><strong>in</strong></span> <span class='ocrx_word' id='word_1_224' title='bbox 645 2534 702 2590; x_wconf 90' lang='lat' dir='ltr'><strong>Pis.</strong></span> <span class='ocrx_word' id='word_1_225' title='bbox 717 2539 750 2589; x_wconf 86' lang='grc'><strong>16</strong></span> <span class='ocrx_word' id='word_1_226' title='bbox 806 2535 922 2591; x_wconf 86' lang='lat' dir='ltr'><strong>civitate</strong></span> <span class='ocrx_word' id='word_1_227' title='bbox 941 2537 1090 2594; x_wconf 86' lang='lat' dir='ltr'><strong>eiecerunt.</strong></span> 
     </span>
     <span class='ocr_line' id='line_1_27' title="bbox 189 2605 1368 2679; baseline 0.004 -19"><span class='ocrx_word' id='word_1_228' title='bbox 189 2622 271 2662; x_wconf 89' lang='lat' dir='ltr'><strong>omne</strong></span> <span class='ocrx_word' id='word_1_229' title='bbox 290 2607 386 2660; x_wconf 90' lang='lat' dir='ltr'><strong>odium</strong></span> <span class='ocrx_word' id='word_1_230' title='bbox 403 2607 542 2662; x_wconf 86' lang='lat' dir='ltr'><strong>inclusum</strong></span> <span class='ocrx_word' id='word_1_231' title='bbox 560 2606 675 2661; x_wconf 84' lang='lat' dir='ltr'><strong>nefariis</strong></span> <span class='ocrx_word' id='word_1_232' title='bbox 690 2623 750 2660; x_wconf 89' lang='lat' dir='ltr'><strong>sen·</strong></span> <span class='ocrx_word' id='word_1_233' title='bbox 840 2605 939 2663; x_wconf 85' lang='lat' dir='ltr'>XXIV.</span> <span class='ocrx_word' id='word_1_234' title='bbox 963 2624 1024 2662; x_wconf 80' lang='lat' dir='ltr'><strong>eum</strong></span> <span class='ocrx_word' id='word_1_235' title='bbox 1039 2640 1071 2648; x_wconf 97' lang='lat'>—</span> <span class='ocrx_word' id='word_1_236' title='bbox 1082 2610 1296 2679; x_wconf 74' lang='lat' dir='ltr'><strong>pertimesceret,</strong></span> <span class='ocrx_word' id='word_1_237' title='bbox 1319 2610 1368 2664; x_wconf 87' lang='lat' dir='ltr'><strong>‘da</strong></span> 
     </span>
     <span class='ocr_line' id='line_1_28' title="bbox 188 2675 1368 2750; baseline 0.005 -20"><span class='ocrx_word' id='word_1_238' title='bbox 188 2677 265 2732; x_wconf 89' lang='lat' dir='ltr'><strong>sibus</strong></span> <span class='ocrx_word' id='word_1_239' title='bbox 288 2678 439 2747; x_wconf 90' lang='lat' dir='ltr'><strong>impiorum</strong></span> <span class='ocrx_word' id='word_1_240' title='bbox 464 2677 495 2731; x_wconf 88' lang='lat' dir='ltr'><strong>in</strong></span> <span class='ocrx_word' id='word_1_241' title='bbox 512 2695 558 2733; x_wconf 92' lang='lat' dir='ltr'><strong>me</strong></span> <span class='ocrx_word' id='word_1_242' title='bbox 576 2675 750 2747; x_wconf 84' lang='lat' dir='ltr'><strong>profudistis.</strong></span> <span class='ocrx_word' id='word_1_243' title='bbox 805 2677 843 2731; x_wconf 92' lang='lat' dir='ltr'><strong>du</strong></span> <span class='ocrx_word' id='word_1_244' title='bbox 856 2677 1301 2750; x_wconf 77' lang='lat' dir='ltr'><strong>dasv01kzuderangsslichen</strong></span> <span class='ocrx_word' id='word_1_245' title='bbox 1314 2680 1368 2736; x_wconf 89' lang='lat' dir='ltr'><strong>Be·</strong></span> 
     </span>
     <span class='ocr_line' id='line_1_29' title="bbox 189 2747 1363 2822; baseline 0.005 -19"><span class='ocrx_word' id='word_1_246' title='bbox 189 2779 222 2788; x_wconf 90' lang='lat'>-</span> <span class='ocrx_word' id='word_1_247' title='bbox 250 2764 320 2818; x_wconf 77' lang='lat' dir='ltr'><strong>quoe</strong></span> <span class='ocrx_word' id='word_1_248' title='bbox 344 2780 377 2788; x_wconf 94' lang='lat'><em>-</em></span> <span class='ocrx_word' id='word_1_249' title='bbox 401 2750 589 2814; x_wconf 74' lang='lat' dir='ltr'><strong>contineatur,</strong></span> <span class='ocrx_word' id='word_1_250' title='bbox 618 2747 751 2804; x_wconf 85' lang='lat' dir='ltr'><strong>‘welcher</strong></span> <span class='ocrx_word' id='word_1_251' title='bbox 805 2750 914 2818; x_wconf 81' lang='lat' dir='ltr'><strong>sorgm&#39;s</strong></span> <span class='ocrx_word' id='word_1_252' title='bbox 928 2750 1112 2819; x_wconf 86' lang='lat' dir='ltr'><strong>verleitetest,</strong></span> <span class='ocrx_word' id='word_1_253' title='bbox 1126 2751 1209 2807; x_wconf 83' lang='lat' dir='ltr'><strong>dass’.</strong></span> <span class='ocrx_word' id='word_1_254' title='bbox 1239 2752 1304 2822; x_wconf 78' lang='lat' dir='ltr'><strong>Vgl.</strong></span> <span class='ocrx_word' id='word_1_255' title='bbox 1319 2769 1363 2822; x_wconf 87' lang='lat' dir='ltr'><strong>ep.</strong></span> 
     </span>
     <span class='ocr_line' id='line_1_30' title="bbox 184 2817 1366 2891; baseline 0.003 -18"><span class='ocrx_word' id='word_1_256' title='bbox 184 2818 269 2888; x_wconf 85' lang='lat' dir='ltr'><strong>jetzt,</strong></span> <span class='ocrx_word' id='word_1_257' title='bbox 296 2836 328 2875; x_wconf 90' lang='lat' dir='ltr'><strong>so</strong></span> <span class='ocrx_word' id='word_1_258' title='bbox 349 2819 434 2889; x_wconf 80' lang='lat' dir='ltr'><strong>lange</strong></span> <span class='ocrx_word' id='word_1_259' title='bbox 457 2819 503 2874; x_wconf 90' lang='lat' dir='ltr'><strong>die</strong></span> <span class='ocrx_word' id='word_1_260' title='bbox 522 2819 693 2874; x_wconf 86' lang='lat' dir='ltr'><strong>Zwietracht</strong></span> <span class='ocrx_word' id='word_1_261' title='bbox 709 2817 749 2873; x_wconf 91' lang='lat' dir='ltr'><strong>im</strong></span> <span class='ocrx_word' id='word_1_262' title='bbox 804 2820 862 2874; x_wconf 79' lang='lat' dir='ltr'><strong>Ati.</strong></span> <span class='ocrx_word' id='word_1_263' title='bbox 878 2820 1008 2888; x_wconf 81' lang='lat' dir='ltr'><strong>a‚11·A1</strong></span> <span class='ocrx_word' id='word_1_264' title='bbox 1027 2838 1076 2891; x_wconf 89' lang='lat' dir='ltr'><strong>spe</strong></span> <span class='ocrx_word' id='word_1_265' title='bbox 1090 2824 1186 2877; x_wconf 86' lang='lat' dir='ltr'><strong>tamen</strong></span> <span class='ocrx_word' id='word_1_266' title='bbox 1205 2822 1366 2882; x_wconf 86' lang='lat' dir='ltr'><strong>deducebar</strong></span> 
     </span>
     <span class='ocr_line' id='line_1_31' title="bbox 188 2889 1365 2962; baseline 0.005 -19"><span class='ocrx_word' id='word_1_267' title='bbox 188 2889 284 2944; x_wconf 85' lang='lat' dir='ltr'><strong>stillen</strong></span> <span class='ocrx_word' id='word_1_268' title='bbox 302 2891 423 2960; x_wconf 77' lang='lat' dir='ltr'><strong>gen‘ahrt</strong></span> <span class='ocrx_word' id='word_1_269' title='bbox 440 2890 519 2958; x_wconf 91' lang='lat' dir='ltr'><strong>wird,</strong></span> <span class='ocrx_word' id='word_1_270' title='bbox 538 2890 567 2945; x_wconf 92' lang='lat' dir='ltr'><strong>in</strong></span> <span class='ocrx_word' id='word_1_271' title='bbox 588 2889 750 2945; x_wconf 83' lang='lat' dir='ltr'><strong>Schranhen</strong></span> <span class='ocrx_word' id='word_1_272' title='bbox 805 2890 841 2944; x_wconf 87' lang='lat' dir='ltr'><strong>ad</strong></span> <span class='ocrx_word' id='word_1_273' title='bbox 860 2907 923 2945; x_wconf 87' lang='lat' dir='ltr'><strong>earn</strong></span> <span class='ocrx_word' id='word_1_274' title='bbox 941 2893 1139 2962; x_wconf 72' lang='lat' dir='ltr'><strong>capitationem,</strong></span> <span class='ocrx_word' id='word_1_275' title='bbox 1157 2898 1190 2947; x_wconf 80' lang='lat' dir='ltr'><strong>ut</strong></span> <span class='ocrx_word' id='word_1_276' title='bbox 1209 2935 1215 2948; x_wconf 99' lang='lat'><strong>.</strong></span> <span class='ocrx_word' id='word_1_277' title='bbox 1235 2935 1242 2947; x_wconf 98' lang='lat'><strong>.</strong></span> <span class='ocrx_word' id='word_1_278' title='bbox 1262 2937 1268 2950; x_wconf 99' lang='lat'><strong>.</strong></span> <span class='ocrx_word' id='word_1_279' title='bbox 1288 2895 1365 2950; x_wconf 81' lang='lat' dir='ltr'><strong>orbi·</strong></span> 
     </span>
     <span class='ocr_line' id='line_1_32' title="bbox 187 2961 1360 3031; baseline 0.004 -16"><span class='ocrx_word' id='word_1_280' title='bbox 187 2961 321 3030; x_wconf 84' lang='lat' dir='ltr'><strong>gehalten</strong></span> <span class='ocrx_word' id='word_1_281' title='bbox 339 2961 431 3015; x_wconf 91' lang='lat' dir='ltr'><strong>wird’.</strong></span> <span class='ocrx_word' id='word_1_282' title='bbox 541 3007 556 3030; x_wconf 81' lang='grc'><strong>,</strong></span> <span class='ocrx_word' id='word_1_283' title='bbox 801 2966 900 3016; x_wconf 84' lang='lat' dir='ltr'><strong>trarer.</strong></span> <span class='ocrx_word' id='word_1_284' title='bbox 921 2992 955 3002; x_wconf 89' lang='lat'><em>-</em></span> <span class='ocrx_word' id='word_1_285' title='bbox 974 2963 1033 3031; x_wconf 81' lang='lat' dir='ltr'><strong>dep.</strong></span> <span class='ocrx_word' id='word_1_286' title='bbox 1048 2968 1077 3018; x_wconf 79' lang='lat' dir='ltr'><strong>ai</strong></span> <span class='ocrx_word' id='word_1_287' title='bbox 1096 2979 1129 3018; x_wconf 83' lang='lat' dir='ltr'><strong>ue</strong></span> <span class='ocrx_word' id='word_1_288' title='bbox 1143 2965 1209 3031; x_wconf 83' lang='lat' dir='ltr'><strong>ati,</strong></span> <span class='ocrx_word' id='word_1_289' title='bbox 1227 2963 1261 3019; x_wconf 88' lang='lat' dir='ltr'><strong>ef.</strong></span> <span class='ocrx_word' id='word_1_290' title='bbox 1282 2969 1298 3030; x_wconf 65' lang='grc' dir='ltr'><strong>ξ</strong></span> <span class='ocrx_word' id='word_1_291' title='bbox 1317 2970 1360 3020; x_wconf 77' lang='grc'><strong>45.</strong></span> 
     </span>
     <span class='ocr_line' id='line_1_33' title="bbox 223 2981 1365 3106; baseline 0.004 -20"><span class='ocrx_word' id='word_1_292' title='bbox 223 3035 266 3087; x_wconf 90' lang='grc'><strong>48.</strong></span> <span class='ocrx_word' id='word_1_293' title='bbox 295 3030 386 3102; x_wconf 75' lang='lat' dir='ltr'><strong>Atque</strong></span> <span class='ocrx_word' id='word_1_294' title='bbox 404 3051 431 3088; x_wconf 92' lang='lat' dir='ltr'><strong>u.</strong></span> <span class='ocrx_word' id='word_1_295' title='bbox 451 3051 472 3088; x_wconf 84' lang='lat' dir='ltr'><strong>e.</strong></span> <span class='ocrx_word' id='word_1_296' title='bbox 491 3052 525 3088; x_wconf 93' lang='lat' dir='ltr'><strong>w.</strong></span> <span class='ocrx_word' id='word_1_297' title='bbox 563 3032 661 3087; x_wconf 87' lang='lat' dir='ltr'><strong>Dieser</strong></span> <span class='ocrx_word' id='word_1_298' title='bbox 684 3031 749 3088; x_wconf 81' lang='lat' dir='ltr'><strong>Sata</strong></span> <span class='ocrx_word' id='word_1_299' title='bbox 839 3038 884 3086; x_wconf 83' lang='lat'><strong>49.</strong></span> <span class='ocrx_word' id='word_1_300' title='bbox 904 3033 1051 3102; x_wconf 74' lang='lat' dir='ltr'><strong>inquirere,</strong></span> <span class='ocrx_word' id='word_1_301' title='bbox 1070 2981 1120 3090; x_wconf 79' lang='lat' dir='ltr'><strong>das</strong></span> <span class='ocrx_word' id='word_1_302' title='bbox 1133 3035 1208 3092; x_wconf 85' lang='lat' dir='ltr'><strong>Part.</strong></span> <span class='ocrx_word' id='word_1_303' title='bbox 1227 3040 1301 3090; x_wconf 72' lang='lat' dir='ltr'><strong>ware</strong></span> <span class='ocrx_word' id='word_1_304' title='bbox 1315 3052 1365 3106; x_wconf 83' lang='lat' dir='ltr'><strong>ge·</strong></span> 
     </span>
     <span class='ocr_line' id='line_1_34' title="bbox 120 3102 1361 3174; baseline 0.005 -19"><span class='ocrx_word' id='word_1_305' title='bbox 120 3131 123 3136; x_wconf 89' lang='lat'><em>-</em></span> <span class='ocrx_word' id='word_1_306' title='bbox 188 3102 259 3156; x_wconf 87' lang='lat' dir='ltr'><strong>wird</strong></span> <span class='ocrx_word' id='word_1_307' title='bbox 287 3103 391 3159; x_wconf 86' lang='lat' dir='ltr'><strong>wieder</strong></span> <span class='ocrx_word' id='word_1_308' title='bbox 419 3104 634 3174; x_wconf 80' lang='lat' dir='ltr'><strong>ausgenommen</strong></span> <span class='ocrx_word' id='word_1_309' title='bbox 662 3103 750 3157; x_wconf 88' lang='lat' dir='ltr'><strong>durch</strong></span> <span class='ocrx_word' id='word_1_310' title='bbox 803 3103 988 3172; x_wconf 77' lang='lat' dir='ltr'><strong>wthnlicher‚</strong></span> <span class='ocrx_word' id='word_1_311' title='bbox 1012 3105 1114 3160; x_wconf 89' lang='lat' dir='ltr'><strong>ebenso</strong></span> <span class='ocrx_word' id='word_1_312' title='bbox 1133 3111 1148 3172; x_wconf 60' lang='grc' dir='ltr'>ὅ</span> <span class='ocrx_word' id='word_1_313' title='bbox 1167 3111 1202 3159; x_wconf 79' lang='lat'><strong>29</strong></span> <span class='ocrx_word' id='word_1_314' title='bbox 1221 3105 1361 3161; x_wconf 85' lang='lat' dir='ltr'><strong>devenire.</strong></span> 
     </span>
     <span class='ocr_line' id='line_1_35' title="bbox 186 3173 1363 3245; baseline 0.002 -17"><span class='ocrx_word' id='word_1_315' title='bbox 186 3173 236 3228; x_wconf 89' lang='lat' dir='ltr'><strong>sed</strong></span> <span class='ocrx_word' id='word_1_316' title='bbox 262 3174 371 3243; x_wconf 67' lang='lat' dir='ltr'><strong>tamam</strong></span> <span class='ocrx_word' id='word_1_317' title='bbox 396 3173 484 3230; x_wconf 87' lang='lat' dir='ltr'><strong>Servi.</strong></span> <span class='ocrx_word' id='word_1_318' title='bbox 508 3205 542 3238; x_wconf 71' lang='grc'><strong>-,</strong></span> <span class='ocrx_word' id='word_1_319' title='bbox 566 3190 624 3228; x_wconf 77' lang='lat' dir='ltr'><strong>recu</strong></span> <span class='ocrx_word' id='word_1_320' title='bbox 646 3180 749 3229; x_wconf 78' lang='lat' dir='ltr'><strong>tacente</strong></span> <span class='ocrx_word' id='word_1_321' title='bbox 803 3202 837 3213; x_wconf 91' lang='lat'><strong>·-</strong></span> <span class='ocrx_word' id='word_1_322' title='bbox 857 3175 1063 3244; x_wconf 78' lang='lat' dir='ltr'><strong>observationes,</strong></span> <span class='ocrx_word' id='word_1_323' title='bbox 1082 3176 1136 3230; x_wconf 89' lang='lat' dir='ltr'><strong>wie</strong></span> <span class='ocrx_word' id='word_1_324' title='bbox 1150 3175 1290 3245; x_wconf 84' lang='lat' dir='ltr'><strong>Sulpicius</strong></span> <span class='ocrx_word' id='word_1_325' title='bbox 1304 3177 1363 3230; x_wconf 91' lang='lat' dir='ltr'><strong>und</strong></span> 
     </span>
     <span class='ocr_line' id='line_1_36' title="bbox 187 3242 1367 3316; baseline 0.003 -18"><span class='ocrx_word' id='word_1_326' title='bbox 187 3259 237 3311; x_wconf 88' lang='lat' dir='ltr'><strong>me,</strong></span> <span class='ocrx_word' id='word_1_327' title='bbox 256 3244 313 3314; x_wconf 83' lang='lat' dir='ltr'><strong>vgl</strong></span> <span class='ocrx_word' id='word_1_328' title='bbox 333 3249 349 3310; x_wconf 69' lang='lat'>5</span> <span class='ocrx_word' id='word_1_329' title='bbox 367 3250 403 3299; x_wconf 85' lang='grc'><strong>43</strong></span> <span class='ocrx_word' id='word_1_330' title='bbox 423 3261 495 3312; x_wconf 86' lang='lat' dir='ltr'><strong>quae</strong></span> <span class='ocrx_word' id='word_1_331' title='bbox 513 3245 567 3315; x_wconf 87' lang='lat' dir='ltr'><strong>ipsi</strong></span> <span class='ocrx_word' id='word_1_332' title='bbox 586 3244 640 3299; x_wconf 90' lang='lat' dir='ltr'><strong>soli</strong></span> <span class='ocrx_word' id='word_1_333' title='bbox 657 3261 687 3298; x_wconf 89' lang='lat' dir='ltr'><strong>re</strong></span> <span class='ocrx_word' id='word_1_334' title='bbox 706 3245 748 3298; x_wconf 91' lang='lat' dir='ltr'><strong>in·</strong></span> <span class='ocrx_word' id='word_1_335' title='bbox 803 3242 864 3298; x_wconf 90' lang='lat' dir='ltr'><strong>sein</strong></span> <span class='ocrx_word' id='word_1_336' title='bbox 881 3243 1005 3316; x_wconf 80' lang='lat' dir='ltr'><strong>Anhang</strong></span> <span class='ocrx_word' id='word_1_337' title='bbox 1022 3247 1073 3300; x_wconf 86' lang='lat' dir='ltr'><strong>auf</strong></span> <span class='ocrx_word' id='word_1_338' title='bbox 1089 3246 1196 3301; x_wconf 87' lang='lat' dir='ltr'><strong>Schritt</strong></span> <span class='ocrx_word' id='word_1_339' title='bbox 1213 3245 1270 3300; x_wconf 92' lang='lat' dir='ltr'><strong>und</strong></span> <span class='ocrx_word' id='word_1_340' title='bbox 1290 3245 1367 3302; x_wconf 83' lang='lat' dir='ltr'><strong>Tritt</strong></span> 
     </span>
     <span class='ocr_line' id='line_1_37' title="bbox 90 3314 1366 3385; baseline 0.004 -17"><span class='ocrx_word' id='word_1_341' title='bbox 90 3337 93 3342; x_wconf 95' lang='lat'>·</span> <span class='ocrx_word' id='word_1_342' title='bbox 186 3317 269 3384; x_wconf 78' lang='lat' dir='ltr'><strong>tegra</strong></span> <span class='ocrx_word' id='word_1_343' title='bbox 296 3330 380 3385; x_wconf 87' lang='lat' dir='ltr'><strong>saepe</strong></span> <span class='ocrx_word' id='word_1_344' title='bbox 404 3315 470 3371; x_wconf 91' lang='lat' dir='ltr'><strong>dixi.</strong></span> <span class='ocrx_word' id='word_1_345' title='bbox 499 3345 533 3356; x_wconf 92' lang='lat'>—</span> <span class='ocrx_word' id='word_1_346' title='bbox 561 3315 684 3370; x_wconf 72' lang='lat' dir='ltr'><strong>maxima</strong></span> <span class='ocrx_word' id='word_1_347' title='bbox 708 3314 750 3370; x_wconf 89' lang='lat' dir='ltr'><strong>ist</strong></span> <span class='ocrx_word' id='word_1_348' title='bbox 802 3315 853 3368; x_wconf 89' lang='lat' dir='ltr'><strong>das</strong></span> <span class='ocrx_word' id='word_1_349' title='bbox 870 3315 1023 3371; x_wconf 85' lang='lat' dir='ltr'><strong>Verhalten</strong></span> <span class='ocrx_word' id='word_1_350' title='bbox 1043 3318 1093 3370; x_wconf 90' lang='lat' dir='ltr'><strong>der</strong></span> <span class='ocrx_word' id='word_1_351' title='bbox 1106 3316 1366 3373; x_wconf 83' lang='lat' dir='ltr'><strong>Mitbewerberbe·</strong></span> 
     </span>
     <span class='ocr_line' id='line_1_38' title="bbox 186 3384 1363 3459; baseline 0.004 -20"><span class='ocrx_word' id='word_1_352' title='bbox 186 3384 240 3439; x_wconf 89' lang='lat' dir='ltr'><strong>mit</strong></span> <span class='ocrx_word' id='word_1_353' title='bbox 264 3401 298 3440; x_wconf 74' lang='lat' dir='ltr'><strong>ecc</strong></span> <span class='ocrx_word' id='word_1_354' title='bbox 321 3387 446 3441; x_wconf 80' lang='lat' dir='ltr'><strong>onmibus</strong></span> <span class='ocrx_word' id='word_1_355' title='bbox 468 3404 504 3441; x_wconf 83' lang='lat' dir='ltr'><strong>au</strong></span> <span class='ocrx_word' id='word_1_356' title='bbox 526 3385 688 3442; x_wconf 82' lang='lat' dir='ltr'><strong>verbinden.</strong></span> <span class='ocrx_word' id='word_1_357' title='bbox 713 3417 748 3427; x_wconf 97' lang='lat'>-</span> <span class='ocrx_word' id='word_1_358' title='bbox 802 3387 947 3453; x_wconf 85' lang='lat' dir='ltr'><strong>obachtet;</strong></span> <span class='ocrx_word' id='word_1_359' title='bbox 971 3388 1006 3444; x_wconf 84' lang='lat' dir='ltr'><strong>of.</strong></span> <span class='ocrx_word' id='word_1_360' title='bbox 1027 3387 1077 3453; x_wconf 77' lang='lat' dir='ltr'><strong>Qu.</strong></span> <span class='ocrx_word' id='word_1_361' title='bbox 1097 3387 1153 3444; x_wconf 88' lang='lat' dir='ltr'><strong>Cic.</strong></span> <span class='ocrx_word' id='word_1_362' title='bbox 1178 3403 1222 3458; x_wconf 85' lang='lat' dir='ltr'><strong>ep.</strong></span> <span class='ocrx_word' id='word_1_363' title='bbox 1246 3389 1281 3443; x_wconf 91' lang='lat' dir='ltr'><strong>de</strong></span> <span class='ocrx_word' id='word_1_364' title='bbox 1307 3392 1363 3459; x_wconf 87' lang='lat' dir='ltr'><strong>pet.</strong></span> 
     </span>
     <span class='ocr_line' id='line_1_39' title="bbox 186 3456 1366 3527; baseline 0.002 -15"><span class='ocrx_word' id='word_1_365' title='bbox 186 3457 379 3526; x_wconf 68' lang='lat' dir='ltr'><strong>copiosissimo,</strong></span> <span class='ocrx_word' id='word_1_366' title='bbox 398 3458 433 3511; x_wconf 90' lang='lat' dir='ltr'><strong>de</strong></span> <span class='ocrx_word' id='word_1_367' title='bbox 452 3456 497 3512; x_wconf 84' lang='lat' dir='ltr'><strong>off.</strong></span> <span class='ocrx_word' id='word_1_368' title='bbox 517 3457 748 3527; x_wconf 78' lang='lat' dir='ltr'><strong>2‚18Peripate-</strong></span> <span class='ocrx_word' id='word_1_369' title='bbox 802 3473 877 3513; x_wconf 89' lang='lat' dir='ltr'><strong>cons.</strong></span> <span class='ocrx_word' id='word_1_370' title='bbox 897 3463 931 3512; x_wconf 80' lang='lat'><strong>55</strong></span> <span class='ocrx_word' id='word_1_371' title='bbox 950 3458 996 3514; x_wconf 84' lang='lat' dir='ltr'><strong>fac</strong></span> <span class='ocrx_word' id='word_1_372' title='bbox 1015 3476 1044 3513; x_wconf 87' lang='lat' dir='ltr'><strong>so</strong></span> <span class='ocrx_word' id='word_1_373' title='bbox 1063 3461 1095 3513; x_wconf 86' lang='lat' dir='ltr'><strong>ut</strong></span> <span class='ocrx_word' id='word_1_374' title='bbox 1112 3459 1162 3513; x_wconf 89' lang='lat' dir='ltr'><strong>abs</strong></span> <span class='ocrx_word' id='word_1_375' title='bbox 1180 3462 1210 3514; x_wconf 88' lang='lat' dir='ltr'><strong>te</strong></span> <span class='ocrx_word' id='word_1_376' title='bbox 1230 3459 1366 3515; x_wconf 87' lang='lat' dir='ltr'><strong>custodiri</strong></span> 
     </span>
     <span class='ocr_line' id='line_1_40' title="bbox 186 3525 1365 3598; baseline 0.003 -16"><span class='ocrx_word' id='word_1_377' title='bbox 186 3525 238 3582; x_wconf 88' lang='lat' dir='ltr'><strong>tici</strong></span> <span class='ocrx_word' id='word_1_378' title='bbox 255 3528 352 3598; x_wconf 80' lang='lat' dir='ltr'><strong>magni</strong></span> <span class='ocrx_word' id='word_1_379' title='bbox 371 3529 400 3582; x_wconf 85' lang='lat' dir='ltr'><strong>et</strong></span> <span class='ocrx_word' id='word_1_380' title='bbox 419 3526 533 3596; x_wconf 89' lang='lat' dir='ltr'><strong>copiosi.</strong></span> <span class='ocrx_word' id='word_1_381' title='bbox 553 3559 587 3567; x_wconf 90' lang='lat'><em>-</em></span> <span class='ocrx_word' id='word_1_382' title='bbox 605 3529 747 3584; x_wconf 80' lang='lat' dir='ltr'><strong>durior=</strong></span> <span class='ocrx_word' id='word_1_383' title='bbox 802 3531 886 3597; x_wconf 86' lang='lat' dir='ltr'><strong>atque</strong></span> <span class='ocrx_word' id='word_1_384' title='bbox 905 3529 1051 3584; x_wconf 86' lang='lat' dir='ltr'><strong>observari</strong></span> <span class='ocrx_word' id='word_1_385' title='bbox 1065 3529 1165 3587; x_wconf 85' lang='lat' dir='ltr'><strong>sciant.</strong></span> <span class='ocrx_word' id='word_1_386' title='bbox 1185 3561 1219 3571; x_wconf 96' lang='lat'><em>-</em></span> <span class='ocrx_word' id='word_1_387' title='bbox 1237 3531 1365 3598; x_wconf 61' lang='lat' dir='ltr'><strong>maricu-</strong></span> 
     </span>
     <span class='ocr_line' id='line_1_41' title="bbox 187 3598 1365 3672; baseline 0.003 -20"><span class='ocrx_word' id='word_1_388' title='bbox 187 3598 335 3655; x_wconf 85' lang='lat' dir='ltr'><strong>difficilior.</strong></span> <span class='ocrx_word' id='word_1_389' title='bbox 361 3629 395 3640; x_wconf 89' lang='lat'>-</span> <span class='ocrx_word' id='word_1_390' title='bbox 419 3604 465 3666; x_wconf 74' lang='lat' dir='ltr'><strong>ut,</strong></span> <span class='ocrx_word' id='word_1_391' title='bbox 492 3599 691 3669; x_wconf 80' lang='lat' dir='ltr'><strong>epexegetisch</strong></span> <span class='ocrx_word' id='word_1_392' title='bbox 713 3617 747 3653; x_wconf 82' lang='lat' dir='ltr'><strong>zu</strong></span> <span class='ocrx_word' id='word_1_393' title='bbox 801 3601 889 3654; x_wconf 80' lang='lat' dir='ltr'><strong>tiones</strong></span> <span class='ocrx_word' id='word_1_394' title='bbox 915 3625 950 3646; x_wconf 63' lang='grc' dir='ltr'><strong>υ</strong></span> <span class='ocrx_word' id='word_1_395' title='bbox 975 3600 1201 3657; x_wconf 85' lang='lat' dir='ltr'><strong>testimoniorum</strong></span> <span class='ocrx_word' id='word_1_396' title='bbox 1220 3617 1365 3672; x_wconf 86' lang='lat' dir='ltr'><strong>compara-</strong></span> 
     </span>
     <span class='ocr_line' id='line_1_42' title="bbox 186 3669 1364 3742; baseline 0.002 -18"><span class='ocrx_word' id='word_1_397' title='bbox 186 3670 282 3724; x_wconf 79' lang='lat' dir='ltr'><strong>locus:</strong></span> <span class='ocrx_word' id='word_1_398' title='bbox 315 3670 361 3726; x_wconf 90' lang='lat' dir='ltr'><strong>die</strong></span> <span class='ocrx_word' id='word_1_399' title='bbox 388 3669 530 3740; x_wconf 80' lang='lat' dir='ltr'><strong>Aufgabe‚</strong></span> <span class='ocrx_word' id='word_1_400' title='bbox 562 3669 686 3724; x_wconf 70' lang='lat' dir='ltr'><strong>namlich</strong></span> <span class='ocrx_word' id='word_1_401' title='bbox 714 3687 748 3724; x_wconf 81' lang='lat' dir='ltr'><strong>eu</strong></span> <span class='ocrx_word' id='word_1_402' title='bbox 801 3671 901 3739; x_wconf 89' lang='lat' dir='ltr'><strong>tiones,</strong></span> <span class='ocrx_word' id='word_1_403' title='bbox 915 3670 1109 3726; x_wconf 82' lang='lat' dir='ltr'><strong>vomchmlich</strong></span> <span class='ocrx_word' id='word_1_404' title='bbox 1119 3673 1206 3727; x_wconf 88' lang='lat' dir='ltr'><strong>durch</strong></span> <span class='ocrx_word' id='word_1_405' title='bbox 1217 3672 1364 3742; x_wconf 87' lang='lat' dir='ltr'><strong>protokol-</strong></span> 
     </span>
     <span class='ocr_line' id='line_1_43' title="bbox 188 3739 1365 3815; baseline 0.003 -21"><span class='ocrx_word' id='word_1_406' title='bbox 188 3741 332 3808; x_wconf 88' lang='lat' dir='ltr'><strong>sprechen.</strong></span> <span class='ocrx_word' id='word_1_407' title='bbox 356 3772 390 3782; x_wconf 96' lang='lat'>-</span> <span class='ocrx_word' id='word_1_408' title='bbox 413 3741 551 3809; x_wconf 81' lang='lat' dir='ltr'><strong>satietati,</strong></span> <span class='ocrx_word' id='word_1_409' title='bbox 574 3739 604 3794; x_wconf 88' lang='lat' dir='ltr'><strong>in</strong></span> <span class='ocrx_word' id='word_1_410' title='bbox 623 3741 702 3795; x_wconf 87' lang='lat' dir='ltr'><strong>Verr.</strong></span> <span class='ocrx_word' id='word_1_411' title='bbox 721 3748 747 3809; x_wconf 84' lang='lat'><strong>3,</strong></span> <span class='ocrx_word' id='word_1_412' title='bbox 802 3739 923 3795; x_wconf 85' lang='lat' dir='ltr'><strong>larische</strong></span> <span class='ocrx_word' id='word_1_413' title='bbox 946 3741 1158 3815; x_wconf 82' lang='lat' dir='ltr'><strong>Vernehmuug;</strong></span> <span class='ocrx_word' id='word_1_414' title='bbox 1184 3743 1292 3799; x_wconf 83' lang='lat' dir='ltr'><strong>testium</strong></span> <span class='ocrx_word' id='word_1_415' title='bbox 1315 3759 1365 3813; x_wconf 80' lang='lat' dir='ltr'><strong>ge·</strong></span> 
     </span>
     <span class='ocr_line' id='line_1_44' title="bbox 188 3811 1365 3882; baseline 0.005 -18"><span class='ocrx_word' id='word_1_416' title='bbox 188 3817 240 3866; x_wconf 81' lang='lat'><strong>103</strong></span> <span class='ocrx_word' id='word_1_417' title='bbox 268 3812 372 3880; x_wconf 88' lang='lat' dir='ltr'><strong>sentio,</strong></span> <span class='ocrx_word' id='word_1_418' title='bbox 398 3811 518 3882; x_wconf 89' lang='lat' dir='ltr'><strong>iudices,</strong></span> <span class='ocrx_word' id='word_1_419' title='bbox 546 3811 747 3867; x_wconf 90' lang='lat' dir='ltr'><strong>moderandum</strong></span> <span class='ocrx_word' id='word_1_420' title='bbox 802 3812 867 3866; x_wconf 72' lang='lat' dir='ltr'><strong>hert</strong></span> <span class='ocrx_word' id='word_1_421' title='bbox 889 3829 943 3866; x_wconf 88' lang='lat' dir='ltr'><strong>nur</strong></span> <span class='ocrx_word' id='word_1_422' title='bbox 964 3831 998 3868; x_wconf 82' lang='lat' dir='ltr'><strong>au</strong></span> <span class='ocrx_word' id='word_1_423' title='bbox 1018 3814 1202 3870; x_wconf 82' lang='lat' dir='ltr'><strong>seductiones.</strong></span> <span class='ocrx_word' id='word_1_424' title='bbox 1223 3845 1256 3855; x_wconf 92' lang='lat'>-</span> <span class='ocrx_word' id='word_1_425' title='bbox 1276 3820 1365 3870; x_wconf 73' lang='lat' dir='ltr'><strong>errice</strong></span> 
     </span>
     <span class='ocr_line' id='line_1_45' title="bbox 186 3880 1364 4005; baseline 0.003 -69"><span class='ocrx_word' id='word_1_426' title='bbox 186 3880 257 3936; x_wconf 90' lang='lat' dir='ltr'><strong>mihi</strong></span> <span class='ocrx_word' id='word_1_427' title='bbox 272 3898 331 3937; x_wconf 88' lang='lat' dir='ltr'><strong>esse</strong></span> <span class='ocrx_word' id='word_1_428' title='bbox 346 3883 403 3951; x_wconf 85' lang='lat' dir='ltr'><strong>iam</strong></span> <span class='ocrx_word' id='word_1_429' title='bbox 416 3883 537 3938; x_wconf 88' lang='lat' dir='ltr'><strong>orationi</strong></span> <span class='ocrx_word' id='word_1_430' title='bbox 546 3899 626 3937; x_wconf 88' lang='lat' dir='ltr'><strong>meae</strong></span> <span class='ocrx_word' id='word_1_431' title='bbox 639 3882 748 3952; x_wconf 82' lang='lat' dir='ltr'><strong>fugien-</strong></span> <span class='ocrx_word' id='word_1_432' title='bbox 802 3883 879 4005; x_wconf 45' lang='lat' dir='ltr'><strong>egeae</strong></span> <span class='ocrx_word' id='word_1_433' title='bbox 897 3885 991 3950; x_wconf 65' lang='lat' dir='ltr'><strong>caud„</strong></span> <span class='ocrx_word' id='word_1_434' title='bbox 1014 3883 1113 3956; x_wconf 86' lang='lat' dir='ltr'><strong>launig</strong></span> <span class='ocrx_word' id='word_1_435' title='bbox 1137 3887 1203 3955; x_wconf 81' lang='lat' dir='ltr'><strong>segt</strong></span> <span class='ocrx_word' id='word_1_436' title='bbox 1221 3883 1290 3954; x_wconf 84' lang='lat' dir='ltr'><strong>Cic,</strong></span> <span class='ocrx_word' id='word_1_437' title='bbox 1314 3886 1364 3962; x_wconf 78' lang='lat' dir='ltr'><strong>der</strong></span> 
     </span>
     <span class='ocr_line' id='line_1_46' title="bbox 187 3952 1373 4028; baseline 0.001 -20"><span class='ocrx_word' id='word_1_438' title='bbox 187 3954 307 4021; x_wconf 80' lang='lat' dir='ltr'><strong>demque</strong></span> <span class='ocrx_word' id='word_1_439' title='bbox 325 3955 447 4008; x_wconf 86' lang='lat' dir='ltr'><strong>vestram</strong></span> <span class='ocrx_word' id='word_1_440' title='bbox 460 3955 634 4020; x_wconf 69' lang='lat' dir='ltr'><strong>satietatem</strong></span> <span class='ocrx_word' id='word_1_441' title='bbox 654 3959 679 4022; x_wconf 87' lang='grc'><strong>4,</strong></span> <span class='ocrx_word' id='word_1_442' title='bbox 695 3959 747 4008; x_wconf 82' lang='lat'><strong>105</strong></span> <span class='ocrx_word' id='word_1_443' title='bbox 828 3952 946 4008; x_wconf 82' lang='lat' dir='ltr'><strong>indruclr</strong></span> <span class='ocrx_word' id='word_1_444' title='bbox 980 3955 1029 4010; x_wconf 88' lang='lat' dir='ltr'><strong>der</strong></span> <span class='ocrx_word' id='word_1_445' title='bbox 1060 3953 1373 4028; x_wconf 62' lang='lat' dir='ltr'><strong>Hoffnungslosigkeit-</strong></span> 
     </span>
     <span class='ocr_line' id='line_1_47' title="bbox 187 4023 1378 4093; baseline 0.002 -15"><span class='ocrx_word' id='word_1_446' title='bbox 187 4023 293 4092; x_wconf 88' lang='lat' dir='ltr'><strong>sentio,</strong></span> <span class='ocrx_word' id='word_1_447' title='bbox 315 4023 435 4093; x_wconf 89' lang='lat' dir='ltr'><strong>iudices,</strong></span> <span class='ocrx_word' id='word_1_448' title='bbox 463 4024 663 4081; x_wconf 87' lang='lat' dir='ltr'><strong>occurrendum</strong></span> <span class='ocrx_word' id='word_1_449' title='bbox 687 4040 749 4080; x_wconf 86' lang='lat' dir='ltr'><strong>esse</strong></span> <span class='ocrx_word' id='word_1_450' title='bbox 803 4024 859 4078; x_wconf 92' lang='lat' dir='ltr'><strong>den</strong></span> <span class='ocrx_word' id='word_1_451' title='bbox 882 4023 929 4078; x_wconf 90' lang='lat' dir='ltr'><strong>ein</strong></span> <span class='ocrx_word' id='word_1_452' title='bbox 947 4025 1057 4081; x_wconf 89' lang='lat' dir='ltr'><strong>solches</strong></span> <span class='ocrx_word' id='word_1_453' title='bbox 1077 4025 1205 4082; x_wconf 81' lang='lat' dir='ltr'><strong>Gebaren</strong></span> <span class='ocrx_word' id='word_1_454' title='bbox 1228 4043 1285 4083; x_wconf 84' lang='lat' dir='ltr'><strong>von</strong></span> <span class='ocrx_word' id='word_1_455' title='bbox 1308 4025 1378 4082; x_wconf 60' lang='lat' dir='ltr'><strong>sei-⁸</strong></span> 
     </span>
     <span class='ocr_line' id='line_1_48' title="bbox 190 4094 1364 4165; baseline 0.003 -16"><span class='ocrx_word' id='word_1_456' title='bbox 190 4094 319 4149; x_wconf 85' lang='lat' dir='ltr'><strong>satietati</strong></span> <span class='ocrx_word' id='word_1_457' title='bbox 338 4094 447 4148; x_wconf 88' lang='lat' dir='ltr'><strong>aurium</strong></span> <span class='ocrx_word' id='word_1_458' title='bbox 471 4095 681 4164; x_wconf 87' lang='lat' dir='ltr'><strong>animorumque</strong></span> <span class='ocrx_word' id='word_1_459' title='bbox 699 4113 747 4150; x_wconf 81' lang='lat' dir='ltr'><strong>we-</strong></span> <span class='ocrx_word' id='word_1_460' title='bbox 802 4096 851 4149; x_wconf 88' lang='lat' dir='ltr'><strong>ten</strong></span> <span class='ocrx_word' id='word_1_461' title='bbox 870 4095 921 4149; x_wconf 92' lang='lat' dir='ltr'><strong>der</strong></span> <span class='ocrx_word' id='word_1_462' title='bbox 939 4096 1119 4153; x_wconf 84' lang='lat' dir='ltr'><strong>Kandidoten</strong></span> <span class='ocrx_word' id='word_1_463' title='bbox 1137 4098 1241 4165; x_wconf 83' lang='lat' dir='ltr'><strong>machi,</strong></span> <span class='ocrx_word' id='word_1_464' title='bbox 1260 4098 1299 4152; x_wconf 89' lang='lat' dir='ltr'><strong>ist</strong></span> <span class='ocrx_word' id='word_1_465' title='bbox 1318 4097 1364 4152; x_wconf 90' lang='lat' dir='ltr'><strong>ein</strong></span> 
     </span>
     <span class='ocr_line' id='line_1_49' title="bbox 188 4165 1363 4236; baseline 0.003 -16"><span class='ocrx_word' id='word_1_466' title='bbox 188 4167 317 4220; x_wconf 87' lang='lat' dir='ltr'><strong>stromm.</strong></span> <span class='ocrx_word' id='word_1_467' title='bbox 358 4165 412 4219; x_wconf 86' lang='lat' dir='ltr'><strong>Dia</strong></span> <span class='ocrx_word' id='word_1_468' title='bbox 434 4166 550 4220; x_wconf 86' lang='lat' dir='ltr'><strong>satietas</strong></span> <span class='ocrx_word' id='word_1_469' title='bbox 573 4165 678 4221; x_wconf 84' lang='lat' dir='ltr'><strong>musste</strong></span> <span class='ocrx_word' id='word_1_470' title='bbox 700 4167 748 4220; x_wconf 87' lang='lat' dir='ltr'><strong>da·</strong></span> <span class='ocrx_word' id='word_1_471' title='bbox 803 4167 1132 4236; x_wconf 83' lang='lat' dir='ltr'><strong>soaugenscheinlicher,</strong></span> <span class='ocrx_word' id='word_1_472' title='bbox 1147 4167 1363 4223; x_wconf 84' lang='lat' dir='ltr'><strong>dalsselbstdie</strong></span> 
     </span>
     <span class='ocr_line' id='line_1_50' title="bbox 186 4235 1363 4309; baseline 0.004 -20"><span class='ocrx_word' id='word_1_473' title='bbox 186 4236 276 4292; x_wconf 87' lang='lat' dir='ltr'><strong>durch</strong></span> <span class='ocrx_word' id='word_1_474' title='bbox 297 4237 516 4307; x_wconf 80' lang='lat' dir='ltr'><strong>hervorgerufen</strong></span> <span class='ocrx_word' id='word_1_475' title='bbox 539 4235 663 4304; x_wconf 84' lang='lat' dir='ltr'><strong>werden,</strong></span> <span class='ocrx_word' id='word_1_476' title='bbox 687 4235 748 4291; x_wconf 77' lang='lat' dir='ltr'><strong>dass</strong></span> <span class='ocrx_word' id='word_1_477' title='bbox 801 4235 917 4292; x_wconf 81' lang='lat' dir='ltr'><strong>weissen</strong></span> <span class='ocrx_word' id='word_1_478' title='bbox 936 4236 1033 4309; x_wconf 83' lang='lat' dir='ltr'><strong>Togsn</strong></span> <span class='ocrx_word' id='word_1_479' title='bbox 1051 4241 1167 4308; x_wconf 87' lang='lat' dir='ltr'><strong>(cretae)</strong></span> <span class='ocrx_word' id='word_1_480' title='bbox 1190 4240 1240 4294; x_wconf 89' lang='lat' dir='ltr'><strong>der</strong></span> <span class='ocrx_word' id='word_1_481' title='bbox 1257 4237 1363 4294; x_wconf 74' lang='lat' dir='ltr'><strong>Kanu-</strong></span> 
     </span>
     <span class='ocr_line' id='line_1_51' title="bbox 188 4305 1418 4381; baseline 0.004 -20"><span class='ocrx_word' id='word_1_482' title='bbox 188 4305 286 4362; x_wconf 82' lang='lat' dir='ltr'><strong>Cicero</strong></span> <span class='ocrx_word' id='word_1_483' title='bbox 305 4307 336 4362; x_wconf 88' lang='lat' dir='ltr'><strong>in</strong></span> <span class='ocrx_word' id='word_1_484' title='bbox 353 4306 456 4362; x_wconf 90' lang='lat' dir='ltr'><strong>iisdem</strong></span> <span class='ocrx_word' id='word_1_485' title='bbox 474 4307 533 4362; x_wconf 84' lang='lat' dir='ltr'><strong>lere</strong></span> <span class='ocrx_word' id='word_1_486' title='bbox 551 4306 635 4363; x_wconf 90' lang='lat' dir='ltr'><strong>rebus</strong></span> <span class='ocrx_word' id='word_1_487' title='bbox 653 4323 747 4362; x_wconf 87' lang='lat' dir='ltr'><strong>versa·</strong></span> <span class='ocrx_word' id='word_1_488' title='bbox 802 4307 888 4362; x_wconf 87' lang='lat' dir='ltr'><strong>daten</strong></span> <span class='ocrx_word' id='word_1_489' title='bbox 911 4307 973 4364; x_wconf 87' lang='lat' dir='ltr'><strong>eine</strong></span> <span class='ocrx_word' id='word_1_490' title='bbox 999 4309 1136 4365; x_wconf 87' lang='lat' dir='ltr'><strong>dunlrlere</strong></span> <span class='ocrx_word' id='word_1_491' title='bbox 1158 4309 1290 4381; x_wconf 72' lang='lat' dir='ltr'><strong>Farbung</strong></span> <span class='ocrx_word' id='word_1_492' title='bbox 1315 4327 1364 4366; x_wconf 88' lang='lat' dir='ltr'><strong>an·</strong></span> <span class='ocrx_word' id='word_1_493' title='bbox 1415 4353 1418 4356; x_wconf 84' lang='lat'>-</span> 
     </span>
     <span class='ocr_line' id='line_1_52' title="bbox 186 4376 1363 4454; baseline 0.005 -23"><span class='ocrx_word' id='word_1_494' title='bbox 186 4376 748 4449; x_wconf 78' lang='lat' dir='ltr'><strong>batua-securima&#39;nieciase,diePhrase</strong></span> <span class='ocrx_word' id='word_1_495' title='bbox 801 4377 956 4434; x_wconf 84' lang='lat' dir='ltr'><strong>zunehmen</strong></span> <span class='ocrx_word' id='word_1_496' title='bbox 988 4381 1121 4436; x_wconf 87' lang='lat' dir='ltr'><strong>scheinen</strong></span> <span class='ocrx_word' id='word_1_497' title='bbox 1148 4379 1300 4454; x_wconf 78' lang='lat' dir='ltr'><strong>(Anhang).</strong></span> <span class='ocrx_word' id='word_1_498' title='bbox 1328 4411 1363 4423; x_wconf 90' lang='lat'>-</span> 
     </span>
    </p>
   </div>
   <div class='ocr_carea' id='block_1_4' title="bbox 0 0 1518 4812">
    <p class='ocr_par' dir='ltr' id='par_1_7' title="bbox 0 0 1518 4812">
     <span class='ocr_line' id='line_1_53' title="bbox 0 0 1518 4812; baseline 0 2"><span class='ocrx_word' id='word_1_499' title='bbox 0 0 1518 4812; x_wconf 95' lang='lat' dir='ltr'><strong> </strong></span> 
     </span>
    </p>
   </div>
  </div>
 </body>
</html>
