3026 4812
416 205 487 262 PRO
506 205 536 262 L.
554 200 710 260 MURENA
729 204 865 261 ORATIO
886 211 1007 262 re-te.
1252 205 1297 272 55

127 371 238 452 patres
265 372 393 434 nostros
427 372 460 432 et
486 369 641 434 honestus
671 367 769 433 homo
803 371 835 431 et
861 368 994 448 nobilis,
1019 367 1054 444 Q.
1077 368 1215 435 Tubero.
1258 371 1297 455 is,

128 479 202 522 cum
221 457 351 540 epulum
374 457 410 534 Q.
429 457 589 522 Maximus
609 455 644 520 P.
662 455 809 520 Africani
827 459 935 540 patrui
954 458 1004 520 sui
1026 457 1157 522 nomine
1175 460 1296 542 populo

129 545 277 612 Romano
301 547 401 631 daret,
425 550 559 630 rogatus
583 551 633 611 est
657 543 847 628 aMaximo,
871 548 908 609 ut
930 545 1107 611 triclinium
1131 551 1296 632 sterneret,

127 655 202 699 cum
225 639 310 699 esset
332 635 460 700 Tubero
488 635 632 700 eiusdem
656 633 803 698 Africani
831 635 951 700 sororis
974 634 1066 699 filius.
1113 638 1209 720 atque
1232 637 1296 718 illc,

127 723 227 788 homo
247 724 482 790 eruditissimus
503 745 540 789 ac
559 722 695 806 Stoicus,
718 723 834 787 stravit
855 722 1015 806 pelliculis
1034 722 1181 789 haedinis
1199 725 1297 790 lectu·

127 813 177 876 los
200 811 382 878 Punicanos
415 817 448 878 et
473 812 621 897 exposuit
643 833 721 877 vasu
744 811 867 896 Samia,
895 811 984 895 quasi
1007 833 1083 877 vero
1111 816 1196 878 esset
1218 813 1297 880 Dio-

129 921 229 986 genes
253 899 392 984 Oynicus
421 906 565 968 mortuus
594 904 627 966 et
652 922 719 966 non
746 900 846 965 divini
873 899 1016 964 hominis
1040 899 1186 966 Africani
1209 925 1297 968 mors

127 989 371 1074 honestaretur-3
400 1013 495 1076 quem
518 1012 591 1055 cum
621 1011 770 1074 supremo
794 989 862 1053 eius
885 989 943 1054 die¹
958 987 1118 1054 Maximus
1141 990 1297 1074 laudaret,

128 1079 253 1164 gratias
277 1080 344 1164 egit
367 1079 416 1144 dis
440 1079 688 1162 immortalibus,
711 1077 796 1163 quod
818 1079 872 1142 ille
896 1078 945 1141 vir
967 1078 1003 1142 in
1025 1077 1086 1142 hac
1109 1099 1143 1143 re
1166 1080 1297 1164 publica

128 1168 335 1250 potissimum
358 1172 452 1234 natus
472 1172 569 1251 esset3
593 1187 721 1232 necesse
745 1168 830 1230 enim
853 1166 952 1230 fuisse
974 1166 1021 1230 ibi
1043 1188 1114 1231 esse
1137 1172 1296 1233 terrarum

122 1254 1298 1432 ‚ttttttlnltlldtzt..lutetTittlttttstttss

126 1435 237 1517 itaque
264 1435 362 1499 hom‘o
389 1435 630 1520 integerrimus,
658 1433 737 1498 civis
761 1433 916 1516 optimus,
944 1454 1016 1498 cum
1041 1437 1126 1497 esset
1148 1433 1183 1500 L.
1202 1433 1296 1499 Pauli
1312 1439 1339 1480 ⁷⁶

126 1542 240 1606 nepos,
264 1521 298 1586 P.
317 1523 473 1603 Africani,
495 1526 533 1587 ut
555 1523 631 1606 dixi,
656 1525 775 1587 sororis
798 1521 899 1605 filius,
921 1522 972 1585 his
996 1521 1143 1587 haedinis
1165 1523 1297 1607 pellicu-

129 1610 171 1674 lis
189 1614 341 1695 praetura
360 1611 500 1676 deiectus
515 1614 572 1676 est.
600 1611 669 1675 odit
687 1611 826 1696 populus
841 1609 1007 1676 Romanus
1027 1611 1187 1694 privatam
1206 1613 1298 1676 luxu-

126 1699 226 1783 riam,
263 1700 426 1784 publicam
459 1699 733 1785 magnificentiam
765 1699 890 1784 diligit3
926 1721 995 1764 non
1026 1703 1116 1764 amat
1141 1699 1296 1784 profusas

126 1788 253 1873 epulas,
280 1789 390 1854 sordes
418 1793 450 1853 et
475 1789 749 1854 inhumanitatem
772 1789 874 1854 multo
903 1790 1022 1873 minus3
1055 1788 1226 1874 distinguit
1247 1811 1297 1854 ra-

124 1876 216 1942 tione
240 1878 420 1943 officiorum
445 1901 481 1944 ac
504 1881 685 1962 temporum
707 1877 962 1943 vicissitudinem
984 1878 1107 1942 laboris
1130 1900 1167 1942 ac
1187 1878 1297 1962 volup·

125 1966 214 2030 tatis.
259 1987 335 2030 nam
359 1967 444 2051 quod
464 1968 510 2032 ais
533 1967 622 2030 nulla
641 1989 675 2031 re
698 1967 796 2032 adlici
815 1965 982 2031 hominum
1001 1969 1125 2030 mentes
1149 1969 1298 2050 oportere

126 2052 169 2117 ed
187 2054 416 2140 magistratum
435 2055 651 2120 mandandum
674 2055 737 2120 nisi
756 2055 922 2140 dignitate,
944 2055 1006 2120 hoc
1024 2059 1061 2118 tu
1079 2055 1157 2140 ipse,
1181 2056 1214 2120 in
1233 2063 1297 2139 qu'o

126 2164 255 2207 summa
279 2149 329 2208 est
351 2145 504 2230 dignitas,
527 2166 594 2209 non
612 2166 737 2209 servas:
762 2166 818 2208 cur
837 2143 922 2208 enim
946 2164 1149 2229 quemquam,
1172 2147 1209 2209 ut
1231 2147 1297 2208 stu·

124 2299 188 2353 bius
203 2299 341 2356 Maximus
355 2301 505 2372 adoptisrt.
533 2299 599 2356 Scin
609 2300 685 2356 Sohn
738 2303 805 2356 oder
835 2299 1043 2356 korinthischer
1075 2301 1225 2371 (Anhang).
1263 2331 1297 2342 -·-

125 2368 158 2434 Q.
177 2368 279 2426 Fabius
301 2371 451 2438 Maximus,
480 2371 529 2426 der
551 2371 612 2426 hier
637 2389 685 2444 gs·
737 2373 818 2443 pauci
830 2387 901 2440 aero,
919 2373 1049 2437 ironicos,
1067 2371 1121 2425 mit
1134 2371 1295 2442 folgendem

126 2439 217 2496 meiat
230 2441 274 2510 ist,
294 2441 402 2498 Konsul
415 2449 466 2498 121
480 2443 534 2498 mit
548 2443 683 2512 Opimius,
737 2451 764 2500 ct
785 2460 843 2498 acu
865 2443 933 2499 oder
955 2460 988 2500 oe
1006 2458 1063 2498 aon
1085 2443 1215 2512 (potius),
1239 2443 1297 2512 vgl.

126 2513 234 2567 erwarb
260 2512 320 2568 sich
344 2513 431 2568 durch
455 2513 613 2584 Besiegung
636 2513 685 2568 der
737 2515 818 2572 Rosc.
832 2512 895 2570 Am.
910 2521 925 2582 5
939 2520 973 2570 92
992 2515 1073 2584 quusi
1090 2530 1163 2568 nunc
1181 2514 1211 2568 id
1229 2531 1297 2583 aga·

126 2582 294 2653 Allobroger
314 2585 369 2640 den
387 2584 539 2640 Beinamen
556 2581 684 2640 Allobro·
738 2589 785 2642 tur
803 2629 809 2642 .
830 2629 836 2642 .
857 2627 864 2642 .
882 2603 915 2642 oc
936 2602 994 2642 aea
1011 2585 1065 2641 hoc
1083 2586 1243 2654 quaeratur.
1263 2615 1296 2624 -

126 2653 212 2722 gisus.
246 2655 301 2710 Der
320 2657 422 2712 andere
442 2655 519 2711 Sohn
537 2656 586 2710 des
599 2656 684 2710 Paul·
738 2674 863 2726 sreprenw
887 2660 946 2714 aas
970 2658 1021 2713 aa.
1057 2655 1143 2714 Nicht
1168 2672 1222 2710 nur
1249 2656 1299 2712 der

125 2723 178 2792 lus,
197 2726 255 2781 eleo
275 2728 325 2782 der
339 2725 528 2782 Vaterbmder
543 2728 592 2781 des
605 2725 684 2782 Allo·
739 2727 896 2799 Todestag,
924 2729 1044 2784 sondern
1068 2729 1141 2782 auch
1163 2727 1213 2782 der
1236 2727 1299 2796 Teg

125 2795 271 2864 croginus,
297 2815 355 2853 war
374 2798 405 2853 P.
424 2797 569 2855 Cornelius
589 2797 683 2867 Scipio
739 2799 788 2855 des
802 2800 1002 2870 Begrbbnisses
1017 2799 1087 2854 wind
1101 2815 1157 2853 von
1170 2799 1226 2854 den
1239 2799 1296 2854 Rb-

126 2865 289 2934 Africanus‚
313 2869 363 2924 der
381 2871 523 2924 Zerstbrer
541 2885 597 2924 von
615 2869 684 2923 Kar·
739 2886 818 2924 mern
850 2871 903 2926 als.
924 2870 974 2926 der
1004 2869 1090 2926 letnte
1122 2869 1296 2937 bezeichnet,

125 2939 213 3006 thego
232 2938 290 2992 und
308 2939 474 3006 Numantia,
494 2957 548 2996 von
566 2938 596 2996 P.
617 2939 684 2996 Oor·
738 2959 789 3010 pro
808 2939 913 2996 Milone
941 2947 975 2996 86
994 2940 1131 3010 spoliatus
1154 2939 1230 2995 illius
1253 2957 1297 2993 su-

123 3008 218 3065 ·nelius
232 3008 335 3079 Scipio,
349 3009 413 3066 dem
425 3010 500 3066 Sohn
514 3012 563 3066 des
577 3013 685 3068 alteret
739 3012 830 3082 premi
855 3011 911 3067 diei
936 3011 1100 3067 celebritate
1129 3011 1173 3066 cui
1199 3010 1297 3065 cedere

127 3078 283 3147 Africanus,
307 3082 362 3136 ado
382 3079 457 3139 tiert.
516 3081 578 3137 Von
609 3084 686 3138 einer
739 3084 826 3140 etiam
847 3083 954 3138 inimici
982 3083 1081 3138 solent.
1105 3111 1139 3122 -·
1162 3083 1298 3147 laudaret,

125 3151 245 3206 aweiten
266 3151 342 3206 Trou
363 3100 447 3208 batte
465 3141 585 3208 dmilius
603 3154 686 3208 Paul·
740 3155 766 3210 d.
791 3156 818 3211 ln
846 3155 889 3210 als
913 3170 945 3209 er
968 3153 1013 3208 die
1036 3151 1148 3209 ubliche
1171 3153 1298 3208 latomia

125 3219 170 3276 lus
195 3223 264 3278 zwei
287 3222 423 3291 Tbcbter‚
447 3241 502 3280 von
526 3225 616 3280 denen
639 3223 686 3281 dis
738 3227 864 3292 mebris
877 3225 957 3280 hielt.
972 3255 1005 3264 -
1016 3241 1214 3294 pervorasop„
1228 3222 1297 3279 thn-

127 3292 190 3346 cine
215 3310 251 3348 an
275 3295 306 3360 Q.
330 3283 411 3352 Mlius
434 3293 544 3350 Tubero
576 3295 684 3350 verhei·
738 3296 796 3351 lich
815 3297 849 3352 de
864 3313 904 3353 or.
919 3303 946 3365 2,
960 3300 994 3352 33
1009 3294 1131 3352 oscitans
1145 3295 1296 3365 sepientia3

125 3363 200 3418 ratet
228 3381 292 3420 war.
338 3365 395 3422 Der
421 3366 497 3422 Sohn
529 3366 682 3434 desselben,
737 3368 804 3424 Hor.
819 3369 873 3425 sat.
887 3373 976 3438 2,2,3
992 3366 1134 3422 abnormis
1148 3366 1269 3437 sapiens.

126 3433 177 3488 der
199 3434 260 3488 hier
282 3440 422 3503 genennte
440 3436 472 3502 Q.
490 3437 614 3505 Tubero,
637 3437 683 3492 ein

126 3503 243 3560 Schdler
261 3504 310 3560 des
325 3505 449 3564 Stoilrers
462 3507 606 3575 Panlttius,
625 3524 682 3564 wer
772 3516 814 3566 to.
837 3511 896 3566 nuit
912 3527 940 3568 u.
954 3528 975 3565 s.
990 3529 1034 3578 w„
1051 3509 1109 3580 vgl.
1127 3525 1178 3580 pro
1196 3508 1298 3564 Flacco

126 3574 187 3630 also
206 3577 256 3630 der
274 3575 500 3635 Schwestersobn
519 3581 567 3636 des
582 3581 683 3651 junge·
736 3587 784 3637 28:
816 3582 887 3636 haec
919 3580 994 3637 enim
1025 3584 1098 3637 ratio
1130 3597 1163 3635 ae
1190 3577 1298 3647 magni·

126 3662 177 3700 ren
191 3646 345 3704 Africanus.
361 3679 394 3690 -
408 3652 526 3719 epulata,
541 3651 683 3706 offinielles
736 3653 805 3707 tudo
834 3652 982 3709 mimorum
1013 3653 1043 3708 in
1070 3650 1221 3707 maioribus
1248 3665 1297 3705 no·

126 3717 684 3790 Mahl,hierderLeichenschmaus‚ver·
736 3724 800 3780 stris
821 3723 889 3792 fuit,
912 3727 956 3790 ut,
980 3741 1043 3780 cum
1065 3724 1094 3776 in
1117 3720 1238 3792 privatis
1255 3737 1298 3776 re·

58 3819 61 3824 ·
127 3789 259 3844 schieden
276 3808 331 3846 von
350 3792 458 3861 epulae.
484 3824 516 3832 —
540 3800 620 3864 atque
637 3795 684 3849 ille
737 3795 789 3850 bus
804 3795 915 3865 suisque
929 3795 1086 3865 sumptibus
1100 3791 1218 3848 minimo
1232 3809 1298 3848 con-

125 3875 153 3914 u.
173 3877 194 3915 s.
213 3880 247 3918 w.
283 3861 392 3919 Tubero
420 3862 509 3918 fehlte
537 3865 587 3918 auf
610 3865 683 3919 drei·
736 3865 818 3932 tenti,
837 3865 1002 3920 tenuissimo
1016 3864 1094 3919 cultu
1112 3864 1249 3931 viverent,
1267 3863 1298 3918 in

126 3930 208 3986 fache
226 3931 329 3989 Weiss.
367 3933 482 3988 Erstens
504 3934 566 3990 licls
590 3950 620 3990 er
638 3936 683 3990 die
738 3933 856 4004 imperio
875 3939 960 4006 atque
978 3935 1008 3990 in
1029 3935 1145 4005 publiea
1158 3935 1297 4006 dignitate

128 4001 301 4060 Ruhebtnke
319 4005 373 4061 mit
386 4004 566 4060 Boclrslellen
580 4007 687 4062 anstatt
739 4006 835 4062 omnia
860 4007 896 4063 ad
919 4005 1039 4077 gloriam
1063 4023 1076 4061 s
1096 4007 1297 4075 lenioremque

129 4070 182 4127 mit
210 4074 372 4146 Teppichen
405 4075 578 4146 bepolstemr
610 4078 686 4134 daun
738 4080 912 4134 revocarent.
948 4077 1016 4133 Man
1039 4025 1095 4148 vgl
1119 4077 1209 4132 demit
1233 4079 1296 4131 eine

126 4143 300 4212 gebrauchte
324 4162 354 4202 er
376 4147 511 4218 punische
535 4147 603 4203 oder
626 4149 682 4204 hbl·
739 4147 870 4204 abnuens
883 4147 1061 4219 Bemerkung
1075 4148 1298 4205 desDemosthe·

126 4231 207 4271 aerne
233 4215 329 4274 Benks
357 4222 428 4276 stett
455 4218 591 4276 silberner
618 4219 686 4275 oder
739 4237 788 4275 nes
807 4218 920 4288 Olynth.
939 4219 986 4288 ΙΙΙ,
1006 4224 1048 4277 25.
1073 4251 1107 4262 -
1129 4220 1237 4276 rarum
1256 4218 1298 4274 ‘in

128 4285 362 4359 ellenbeinerncr,
399 4291 511 4346 endlich
547 4288 685 4346 samische
739 4290 935 4363 Berechnung‚
954 4293 1027 4348 nach
1045 4290 1216 4360 Malsgsbe'3
1239 4289 1297 4359 vgl.

126 4357 195 4413 oder
212 4357 308 4414 irdene
330 4359 441 4418 Geldlse
460 4365 529 4418 statt
546 4361 686 4418 delisoher
739 4363 813 4420 oben
836 4367 851 4428 ᾖ
872 4369 906 4418 74
929 4366 1056 4433 tempora
1079 4359 1233 4432 voluptatis
1257 4361 1298 4415 la·
