3026 4812
242 254 286 319 50
632 254 669 309 Μ.
689 251 810 310 TULLII
828 250 1020 308 CICERONIS

242 439 317 482 men
339 414 488 494 Catonis3
515 437 643 482 remove
667 417 908 500 auctoritatem,
936 437 1017 500 quae
1039 416 1075 480 in
1097 415 1225 482 iudiciis
1248 419 1304 482 aut
1327 417 1412 484 nihil

242 506 349 572 valere
371 509 428 570 aut
451 505 492 570 ad
515 506 653 571 salutem
676 505 772 570 debet
794 505 911 590 valere3
935 505 1129 590 congredere
1154 527 1278 572 mecum
1302 506 1412 571 crimi-

242 594 338 660 nibus
366 595 455 678 ipsis.
502 593 579 680 quid
607 615 751 677 accusas,
780 592 885 659 Cato?
925 594 1001 679 quid
1030 593 1135 658 adfers
1164 595 1204 658 ad
1230 593 1411 660 iudicium?

242 684 319 768 quid
341 683 472 766 arguis?
505 682 664 748 ambitum
684 704 829 747 accusas:
852 704 917 747 non
935 681 1078 750 defende.
1116 705 1167 748 me
1191 682 1412 767 reprehendis,

242 773 328 858 quod
354 772 440 836 idem
469 771 652 855 defendam,
684 771 769 856 quod
797 771 869 856 lege
895 771 1071 856 punierim:
1104 772 1215 855 puniri
1243 771 1411 856 ambitum,

241 883 308 928 nen
336 860 571 944 innocentiam3
589 860 762 930 ,ambilum
789 880 864 926 vero
893 861 999 944 ipsum
1027 860 1078 925 vel
1105 863 1212 924 tecum
1240 861 1411 943 accusabo,

243 952 271 1016 si
293 949 392 1016 voles.
432 949 541 1015 dixisu'
564 953 695 1014 senatus
719 949 901 1014 consultum
924 971 976 1014 me
998 948 1157 1014 referente
1181 970 1250 1015 esse
1274 949 1413 1014 factum:

243 1040 271 1104 si
294 1037 441 1104 mercede
469 1037 600 1104 obviam
628 1037 805 1104 candidatis
831 1037 947 1121 issent,
975 1037 1002 1102 si
1031 1037 1180 1103 conducti
1203 1034 1412 1122 sectarentur,

243 1127 271 1192 si
289 1126 522 1209 gladiatoribus
546 1127 635 1192 locus
654 1125 803 1191 tributim
825 1125 956 1191 etitem
974 1127 1112 1209 prandia
1136 1127 1164 1191 si
1184 1126 1282 1214 volgo
1302 1134 1412 1192 essent

243 1216 328 1299 data,
346 1219 461 1280 contra
479 1217 584 1301 legem
603 1214 813 1299 Calpurniam
831 1214 953 1281 factum
972 1215 1082 1280 videri.
1121 1236 1198 1300 ergo
1216 1217 1264 1280 ila
1278 1219 1411 1282 senatus

243 1305 270 1369 si
297 1305 433 1388 iudicat,
462 1309 575 1371 contra
602 1304 708 1389 legem
735 1304 824 1369 faeta
851 1303 932 1368 haec
955 1303 1068 1386 videri,
1090 1304 1118 1368 si
1141 1304 1227 1370 facta
1251 1305 1331 1388 sint,
1359 1303 1412 1368 de·,

242 1394 346 1460 cernit
369 1393 454 1478 quod
476 1393 564 1458 nihil
589 1415 669 1476 opus
693 1396 752 1478 est,
775 1393 851 1457 dum
870 1392 1050 1458 candidatis
1068 1413 1191 1458 morem
1215 1393 1312 1477 gerit3
1335 1415 1413 1458 nam

243 1482 363 1548 factum
392 1482 436 1546 sit
465 1503 567 1547 necne
594 1481 801 1547 vehementer
830 1482 1007 1566 quaeritur,
1040 1482 1068 1545 si
1095 1480 1217 1547 factum
1246 1485 1309 1564 est,
1337 1482 1417 1567 quin

203 1575 359 1636 utcontra
381 1571 486 1655 legem
510 1571 563 1654 sit,
587 1570 734 1636 dubitare
757 1592 852 1635 nemo
875 1573 991 1655 potest.
1038 1573 1088 1634 est
1110 1570 1212 1656 igitur
1233 1570 1415 1654 ridiculum,

243 1659 330 1744 quod
353 1662 403 1724 est
424 1658 566 1743 dubium,
588 1659 620 1722 id
638 1659 820 1743 relinquere
838 1659 1010 1744 incertum,
1034 1659 1118 1743 quod
1136 1660 1258 1724 nemini
1281 1659 1414 1725 dubium

241 1750 460 1832 potestesse,
486 1747 519 1812 id
542 1746 693 1813 indicare.
739 1750 837 1832 atque
860 1747 893 1813 id
917 1746 1100 1813 decernitur
1128 1748 1278 1814 omnibus
1301 1751 1413 1832 postu·

242 1835 386 1901 lantibus
409 1834 606 1920 candidatis}
629 1843 666 1901 ut
689 1857 727 1900 ex
745 1840 879 1902 senatus
899 1835 1047 1902 consulto
1070 1857 1174 1920 neque
1198 1838 1288 1902 cuius
1311 1839 1412 1902 inter-

242 1925 286 1990 sit
308 1945 413 2010 neque
436 1929 549 1990 contra
571 1946 666 2011 quem
690 1925 734 1990 sit
756 1925 904 2010 intellegi
926 1925 1037 2009 possit
1084 1947 1149 2010 qua
1170 1946 1205 1990 re
1230 1925 1307 1992 doce
1332 1949 1352 1990 a
1374 1925 1415 1990 L.

242 2012 377 2078 Murena
406 2013 465 2079 illa
494 2035 564 2079 esse
595 2015 781 2079 commissa:
813 2018 884 2079 tum
914 2017 1043 2098 egomet
1072 2014 1134 2079 tibi
1165 2017 1278 2079 contra
1308 2015 1413 2100 legem

189 2109 229 2164 88
244 2103 416 2168 commissa
442 2123 512 2167 esse
540 2103 721 2168 concedam.
768 2101 874 2168 ‘multi
901 2103 1032 2168 obviam
1058 2103 1247 2186 prodierunt
1274 2102 1313 2168 de
1340 2125 1431 2187 pro·
1458 2123 1468 2150 -·

243 2191 348 2256 vincia
370 2190 555 2256 decedenti?
598 2193 801 2257 consulatum
823 2191 948 2276 petenti
975 2192 1059 2256 solet
1082 2191 1165 2275 fieri3
1192 2191 1282 2258 eccui
1305 2189 1414 2258 autem

241 2301 310 2344 non
330 2278 479 2364 proditur
497 2279 697 2344 revertenti?
734 2279 827 2366 ‘quae
851 2279 912 2345 fuit
934 2279 999 2344 ista
1017 2279 1226 2346 multitudol’
1264 2280 1415 2364 primum,

278 2507 390 2575 XXXII,
400 2514 443 2564 67.
466 2509 705 2577 cmtdumiyraum,
720 2507 801 2562 einen
854 2501 902 2562 um
910 2507 1416 2579 VerschdrfungderBestimmungen

242 2577 526 2676 thatsdchliehen
546 2579 618 2634 amb.
638 2609 671 2618 -
690 2578 731 2632 cel
746 2578 800 2633 ‘wo
854 2594 953 2660 gegen·
964 2580 1086 2634 ambitus
1097 2577 1214 2660 'ersucht
1228 2579 1336 2661 hatten,
1353 2579 1414 2650 vgl.

241 2650 396 2775 stetu.
409 2648 741 2789 urunwtntrdt
755 2649 801 2762 ¹53
853 2650 979 2775 tttd
993 2649 1415 2802 destruuntur-t.

241 2791 371 2858 mercede,
394 2791 448 2847 wie
471 2796 486 2857 ξ
507 2798 540 2846 70
564 2792 632 2847 doce
655 2791 798 2856 mercede,
853 2791 963 2847 hierbei
985 2808 1055 2862 gmg
1076 2808 1150 2846 zuar
1169 2809 1224 2847 von
1243 2793 1300 2848 Ser.
1321 2793 1414 2863 Sulpi-

243 2868 302 2929 §tt
316 2879 381 2930 non,
397 2861 447 2918 sed
455 2863 591 2918 mercede.
611 2893 645 2903 -
663 2863 798 2929 condemn,
854 2861 913 2917 ciue
933 2879 983 2918 aus
998 2865 1028 2932 (s.
1045 2864 1129 2932 546),
1149 2864 1216 2918 aber
1230 2863 1275 2920 die
1290 2864 1415 2919 anderen

243 2933 347 2989 ebenso
366 2938 381 2999 t
397 2939 430 2990 73
448 2934 586 2990 nachdem
599 2935 726 2989 mercede
740 2950 802 2988 vor·
854 2933 954 2988 hatten
977 2933 1037 2988 sich
1061 2933 1171 2989 alebald
1189 2933 1414 3004 angeschloeeen‚

241 3004 450 3076 hergegangen.
471 3034 504 3045 —
523 3006 734 3076 gladiatoribus,
743 3003 800 3073 vgl.
854 3022 902 3057 um
925 3004 1005 3060 nicht
1027 3005 1081 3061 den
1101 3005 1204 3060 Soheiu
1226 3005 1277 3060 aul
1297 3005 1356 3061 rich
1379 3023 1415 3060 au

242 3081 257 3142 ξ
277 3081 311 3130 at
330 3075 376 3132 fin.
396 3077 520 3132 comitiis.
540 3105 575 3118 -
592 3077 726 3142 tribulata
749 3075 801 3130 wie
854 3075 951 3142 laden,
974 3075 1017 3131 als
1040 3075 1199 3132 fdrchteten
1214 3075 1262 3131 'sie
1285 3077 1345 3132 sich
1363 3094 1416 3132 vor

241 3152 309 3212 §72
337 3148 369 3201 at
396 3146 556 3218 spectacula
583 3148 649 3202 eunt
673 3145 802 3200 tributim
855 3146 966 3201 solcher
987 3147 1198 3214 Verschdrthng.
1225 3147 1376 3218 (Anhang).

242 3218 320 3287 dato,
334 3218 467 3272 wahrend
483 3217 530 3273 bei
543 3217 661 3288 prandia
675 3215 801 3272 dortrrie
891 3222 906 3283 ξ
925 3222 967 3274 68.
986 3219 1143 3281 ridteulum
1163 3217 1214 3271 aul
1223 3216 1294 3272 Galo
1313 3237 1347 3272 aa
1365 3218 1415 3273 be-

242 3286 305 3343 hier
334 3288 418 3358 volgo
447 3289 529 3344 steht.
576 3288 645 3342 Dass
668 3287 802 3344 verboten
856 3287 961 3344 slehen.
990 3289 1027 3343 Es
1041 3288 1080 3343 ist
1093 3287 1257 3356 ltcherllch,
1271 3303 1352 3344 wenn
1367 3289 1415 3343 ein

243 3375 312 3428 war,
337 3357 384 3414 die
407 3359 655 3430 Zucchanerpldtne
680 3360 801 3429 (specta-
855 3358 949 3414 Anklt
986 3377 1000 3412 r
1022 3359 1072 3414 das
1095 3357 1332 3428 ungente-larse,
1355 3376 1414 3414 was

243 3431 307 3486 cula
321 3434 337 3496 ς
352 3431 396 3500 72)
411 3430 539 3486 tributim
552 3450 587 3486 au
600 3431 744 3494 verteilen‚
763 3428 802 3485 ist
854 3430 950 3486 zweife
962 3429 1026 3484 hen
1037 3429 1084 3499 ist,
1102 3429 1235 3500 ntmllch,
1253 3431 1290 3485 oh
1302 3431 1350 3486 'bei
1362 3431 1415 3486 der

242 3500 396 3570 natdrlich,
430 3501 467 3555 da
496 3519 526 3557 es
554 3503 609 3556 den
635 3500 801 3557 Bewerbcrn
854 3501 1006 3557 Bewerbun
1054 3501 1103 3556 des
1125 3499 1325 3574 Angelrlagteu
1351 3501 1414 3558 eine

243 3573 315 3630 eben
332 3572 436 3628 darauf
450 3572 565 3640 enham,
584 3571 630 3628 die
648 3569 740 3628 nibus
759 3573 800 3628 als
855 3572 904 3628 der
927 3587 991 3627 vom
1008 3519 1101 3627 gSenot
1123 3574 1294 3630 verbotenen
1316 3571 1413 3628 Hand-

242 3644 337 3700 rolche
365 3661 398 3698 ru
426 3643 581 3714 gewinnen.
614 3673 648 3684 -
680 3649 705 3699 et
729 3645 801 3700 ilem.
854 3644 960 3714 langen
977 3643 1196 3714 rorgekommen
1213 3645 1259 3711 ist,
1278 3643 1414 3700 wahrend

243 3714 305 3770 Ter.
323 3715 409 3770 Andr.
430 3721 454 3784 1,
475 3721 500 3782 1,
518 3721 552 3770 49
578 3713 632 3770 Sed
650 3717 801 3784 postquam
855 3731 885 3770 er
913 3714 963 3771 das
991 3713 1138 3785 vorbringt
1165 3715 1327 3786 (indicare),
1354 3731 1414 3770 was

244 3802 340 3841 amans
367 3786 485 3842 accessil
516 3785 637 3856 pretium
664 3784 800 3855 pollicens
854 3783 1032 3840 niemandem
1056 3785 1225 3842 aweilelhaft
1248 3785 1308 3855 seia
1325 3784 1412 3853 kann,

242 3855 321 3912 Unda
343 3858 373 3912 et
396 3857 465 3912 item
484 3857 564 3914 alter.
588 3888 620 3896 —
646 3857 745 3924 uideri,
769 3873 801 3912 so
854 3855 991 3924 ndmlieh,
1020 3855 1080 3910 dass
1106 3857 1201 3912 solche
1223 3854 1413 3928 Handlungen

244 3927 316 3982 After
339 3927 386 3984 bei
408 3927 703 3998 Senatsbesohldseen,
732 3927 799 3983 Sall.
854 3925 1047 3997 ungeretulich
1083 3929 1140 3984 und
1173 3926 1295 3982 strafbar
1327 3929 1413 3983 seien.

245 3997 304 4053 (lat.
324 4004 372 4065 48,
391 4005 419 4066 6;
447 3999 503 4056 Clo.
522 3998 609 4056 Acad.
628 4005 657 4068 A,
677 4004 736 4054 146.
765 4028 799 4039 -
855 3999 1004 4069 (Anhang).
1033 4028 1066 4039 -
1094 3999 1177 4054 dece.
1194 4040 1200 4054 .
1216 4039 1222 4053 .
1236 4003 1294 4054 tum
1321 4015 1413 4054 coace-

242 4071 309 4125 dum
322 4071 402 4125 eund.
416 4087 515 4126 morem
528 4072 609 4140 gerit:
624 4071 674 4125 das
689 4070 801 4125 Senatu·
854 4069 927 4139 dam,
945 4070 1018 4124 uach
1031 4069 1272 4139 imperativiseher
1286 4069 1412 4124 Protesis

244 4140 344 4196 delrret
365 4139 404 4195 ist
426 4158 498 4196 zuar
520 4141 653 4210 unndtig‚
677 4141 744 4196 aber
767 4172 800 4182 -
854 4140 942 4196 letter
960 4140 1011 4195 wir
1029 4141 1084 4195 den
1097 4139 1238 4196 Nacheata
1253 4141 1308 4197 mil
1322 4141 1412 4210 ‘und’‚

244 4211 301 4266 und
320 4211 370 4266 des
394 4209 472 4267 dient
494 4229 527 4266 zu
546 4211 637 4267 eeiner
654 4211 801 4267 Entschul-
856 4211 906 4267 der
914 4211 1045 4267 Lateiner
1058 4212 1199 4268 entweder
1209 4212 1263 4267 mit
1275 4215 1340 4279 lem,
1354 4217 1413 4267 tum

243 4281 353 4352 digung
375 4313 409 4324 —
433 4300 461 4339 es
486 4282 581 4337 wurde
604 4299 657 4339 nur
680 4281 802 4338 sudden
856 4283 925 4338 oder
952 4282 1131 4353 asyndetiech
1158 4283 1204 4339 ein
1228 4287 1253 4354 (§
1273 4290 1307 4339 70
1331 4283 1412 4338 doce=

244 4352 477 4409 aurdrdelrlichen
488 4353 615 4408 Wunech
628 4353 677 4409 der
691 4354 800 4408 Bewcr-
856 4354 1025 4423 concedam).

243 4425 293 4480 ber
311 4424 362 4480 hin
378 4424 492 4496 gelalst,
518 4425 624 4480 welche
643 4423 697 4480 den
716 4423 803 4481 Sonat
891 4424 1017 4480 XXXIII.
1050 4427 1193 4498 prodetur,
1224 4426 1333 4482 anstatt
1364 4425 1413 4480 dee

1423 4664 1450 4714 ‘0
